3609 5642
624 571 800 671 Episcopi
824 571 1106 648 Lincolnt'enst's.
1443 573 1488 666 85

230 813 501 895 respondendum
528 814 654 878 Abbati
677 813 719 878 de
742 814 881 878 Lauend
906 835 1009 895 quare
1033 814 1174 896 impedit
1197 834 1274 876 eum
1299 826 1490 896 presentare

230 918 387 982 idoneam
413 938 587 1001 personam
612 919 654 982 ad
677 919 852 983 ecclesiam
875 919 919 983 de
936 918 1119 1001 Lattebiry,
1143 918 1231 981 idem
1258 917 1375 981 Abbas
1398 921 1489 982 venit

230 1021 264 1084 in
280 1021 399 1085 eadem
416 1022 506 1085 curia
521 1042 632 1085 coram
649 1022 775 1086 eisdem
790 1022 990 1105 justiciariis,
1005 1033 1039 1086 et
1064 1022 1256 1104 recognovit
1272 1033 1306 1086 et
1321 1023 1488 1087 concessit

230 1125 486 1189 advocationem
503 1127 652 1211 predicte
674 1127 813 1190 ecclesie
836 1148 909 1190 esse
930 1125 985 1208 jus
1002 1127 1104 1210 ipsius
1123 1125 1325 1203 Ermeiarde,
1341 1137 1375 1189 et
1397 1126 1488 1209 quod

231 1228 409 1306 Robertus,
425 1228 510 1292 lilius
527 1229 677 1307 Galsridi,
693 1231 859 1313 particeps
876 1231 980 1312 ipsius
1005 1229 1209 1306 Ermeiarde,
1225 1250 1360 1312 presens
1377 1229 1438 1294 fuit
1455 1231 1488 1293 in

229 1332 348 1396 eadem
365 1334 455 1396 curia
471 1353 582 1398 coram
598 1334 724 1398 eisdem
747 1333 945 1415 justiciariis,
961 1343 995 1398 et
1018 1335 1144 1398 remisit
1159 1334 1268 1397 eidem
1294 1333 1489 1398 Ermeiarde

229 1446 264 1500 et
287 1436 464 1501 heredibus
480 1439 556 1515 suiS,
580 1437 623 1502 de
646 1460 681 1502 se
705 1449 738 1504 et
762 1438 940 1502 heredibus
963 1439 1040 1523 suis,
1064 1448 1171 1502 totum
1194 1437 1248 1519 jus
1270 1447 1304 1500 et
1320 1436 1486 1500 clameum

229 1539 319 1622 quod
342 1541 530 1607 habuerunt
554 1543 587 1604 in
612 1543 762 1625 predicta
785 1543 1013 1607 advocatione.
1062 1543 1148 1606 ltem
1173 1542 1314 1624 receptis
1336 1540 1487 1622 ejusdem

229 1643 357 1708 domini
383 1645 510 1722 litteris,
534 1645 635 1728 quod,
660 1667 735 1709 cum
764 1646 953 1710 Willelmus
979 1645 1022 1709 de
1051 1645 1167 1709 Hochi
1191 1646 1224 1708 in
1251 1645 1344 1708 curia
1367 1644 1486 1709 eadem

228 1768 342 1811 coram
366 1748 464 1812 dictis
485 1749 685 1831 justiciariis,
708 1751 902 1814 arainiasset
926 1750 1064 1812 assisam
1090 1748 1207 1812 ultime
1230 1749 1488 1831 presentationis

227 1874 342 1916 versus
365 1852 489 1916 dictam
517 1854 748 1918 Ermeiardam
771 1854 814 1918 de
837 1854 978 1917 ecclesia
1000 1853 1160 1936 predicta,
1185 1853 1274 1916 idem
1297 1853 1487 1916 Willelmus

228 1957 375 2020 venitin
399 1957 517 2020 eadem
545 1958 644 2034 curia,
660 1968 694 2022 et
719 1979 777 2040 per
804 1957 972 2020 licentiam
996 1977 1032 2020 se
1056 1956 1205 2033 retraxit,
1229 1966 1263 2020 et
1285 1956 1373 2018 dixit
1396 1956 1487 2038 quod

227 2059 334 2123 noluit
351 2061 505 2143 prosequi
522 2062 661 2124 assisam
680 2061 769 2123 illam
789 2061 831 2125 de
847 2061 997 2144 predicta
1020 2060 1160 2124 ecclesia
1176 2081 1289 2123 versus
1312 2081 1395 2123 eam.
1442 2061 1488 2124 Et

226 2162 303 2227 ideo
334 2184 401 2228 non
439 2165 595 2229 obstante
628 2166 864 2229 reclamatione
894 2164 1061 2228 dictorum
1090 2164 1243 2241 nubatis,
1276 2164 1414 2228 Roberti
1452 2175 1486 2228 et

226 2267 397 2345 Willelmi,
412 2269 568 2333 dominus
594 2271 783 2353 Episcopus
807 2269 849 2332 ad
875 2269 1158 2351 presentationem
1182 2268 1271 2332 dicte
1288 2269 1484 2332 Ermeiarde

225 2371 268 2436 ad
285 2372 428 2437 eandem
444 2375 619 2438 ecclesiam
638 2374 793 2437 idoneam
818 2393 995 2456 personam
1012 2373 1205 2436 admitteret
1220 2395 1227 2449 ;
1250 2393 1310 2455 per
1325 2393 1400 2455 que,
1415 2382 1486 2446 etc,

224 2475 267 2538 ad
284 2476 427 2541 eandem
443 2478 618 2541 ecclesiam
635 2477 801 2540 admissus
817 2486 877 2553 est,
892 2488 926 2541 et
942 2477 976 2539 in
999 2497 1039 2540 ea
1055 2477 1213 2539 canonice
1237 2496 1379 2558 persona
1395 2475 1487 2539 insti·

224 2589 326 2643 tutus.
373 2580 419 2643 Et
436 2581 634 2644 mandatum
651 2591 701 2645 est
719 2581 810 2644 dicto
828 2579 1076 2643 Archidiacono
1092 2590 1138 2656 ut,
1153 2589 1214 2642 etc.

225 2826 320 2893 [John
332 2826 366 2880 de
385 2829 409 2880 C
406 2828 525 2890 hednete,
539 2827 707 2888 sub-deacon,
721 2828 868 2880 instituted
876 2833 903 2880 to
915 2827 960 2880 tlte
977 2827 1077 2880 chicrclr
1089 2828 1124 2895 of
1130 2826 1360 2894 [sockainpstend
1370 2826 1485 2880 Clientes

287 2925 324 2960 on
342 2909 386 2962 the
398 2911 588 2978 presentatibn
599 2910 635 2978 os
642 2909 807 2963 Alexander
816 2910 850 2962 de
864 2909 1018 2978 Chednete]

315 3028 837 3111 ISENHAMSTEDE.-Johannes
868 3028 911 3092 de
934 3028 1117 3103 Chednete,
1147 3028 1380 3104 subdiaconus,
1412 3050 1484 3111 pre-

222 3140 376 3196 sentatus
401 3153 460 3214 per
484 3132 719 3196 Alexandrum
744 3132 786 3195 de
810 3132 985 3197 Chednete
1000 3132 1043 3195 ad
1063 3132 1237 3195 ecclesiam
1253 3131 1296 3194 de
1316 3132 1486 3196 Isenham-

222 3234 328 3312 stede,
359 3234 447 3298 sacta
477 3237 567 3318 prius
598 3237 813 3318 inquisitione
844 3256 903 3318 per
936 3236 990 3311 M,
1022 3236 1304 3298 Archidiaconum
1337 3235 1485 3318 Buking-

222 3339 441 3417 hamiensem,
472 3361 531 3422 per
560 3360 672 3422 quam,
702 3351 773 3415 etc,
804 3340 846 3403 ad
878 3339 1021 3403 eandem
1052 3339 1218 3402 admissus
1243 3349 1302 3417 est,
1332 3351 1392 3404 etc.
1440 3341 1485 3405 Et

223 3441 422 3507 mandatum
438 3452 490 3506 est
505 3441 614 3506 eidem
633 3442 881 3506 Archidiacono
897 3452 943 3518 ut,
958 3452 1019 3506 etc.

221 3703 367 3771 [W'lltiam
379 3704 413 3756 de
426 3704 591 3768 Godesdone,
599 3706 767 3768 sub-diacon,
778 3707 803 3757 is
814 3705 961 3758 instituted
970 3710 997 3756 to
1008 3704 1053 3756 the
1061 3705 1163 3757 chureii
1174 3706 1209 3773 os
1216 3705 1341 3773 Drayton
1355 3707 1484 3761 Parslow

288 3801 323 3838 on
346 3788 391 3838 tire
413 3785 516 3854 Ktng's
532 3788 722 3854 presentation
744 3787 821 3855 after
840 3803 858 3838 a
879 3788 938 3839 suit
958 3786 994 3853 of
1011 3801 1097 3853 quare
1113 3785 1231 3854 impedit
1247 3788 1364 3855 against
1380 3789 1486 3843 Gilbert

289 3868 462 3937 Passetewej

311 3987 1481 4071 DRAITONE.—WillelmusdeGodesdone,subdiaconus,presentatus

220 4111 281 4173 per
295 4090 472 4153 dominum
491 4091 619 4174 Regem
636 4090 679 4154 ad
696 4092 870 4155 ecclesiam
886 4091 930 4154 de
944 4091 1128 4172 Draytone,
1144 4090 1232 4154 iacta
1243 4092 1333 4173 prius
1345 4093 1481 4175 inquisi-

219 4195 312 4257 tione
329 4215 388 4277 per
405 4195 463 4271 M,
482 4194 765 4258 Archidiaconum
784 4193 1136 4277 Bulringhamiensem,
1151 4205 1185 4258 et
1202 4196 1344 4277 receptis
1360 4196 1477 4261 litteris

220 4297 373 4380 ejusdem
386 4297 514 4361 domini
529 4299 641 4382 Regis,
653 4298 902 4362 continentibus
915 4298 1015 4381 quod,
1027 4318 1102 4361 cum
1115 4298 1283 4363 Gilbertus
1298 4299 1480 4365 Passelewe

220 4402 445 4466 summonitus
461 4413 549 4466 esset
565 4423 677 4465 coram
692 4401 883 4484 justiciariis
899 4403 967 4464 suis
983 4401 1072 4485 apud
1083 4403 1419 4468 Westmonasterium
1436 4406 1479 4468 ad

219 4504 491 4589 respondendum
500 4507 530 4569 ei
541 4526 643 4588 quare
656 4505 796 4588 impedit
809 4506 918 4588 ipsum
933 4515 1124 4588 presentare
1134 4505 1291 4569 idoneum
1303 4527 1478 4588 personam

219 4611 262 4675 ad
278 4611 454 4674 ecclesiam
471 4609 514 4673 de
531 4609 714 4692 Draytone,
726 4630 791 4692 que
808 4609 950 4673 vacabat
965 4620 999 4672 et
1014 4609 1057 4672 ad
1074 4630 1167 4672 suam
1185 4609 1359 4692 spectabat
1375 4611 1478 4675 dona-

220 4717 346 4778 tionem
371 4713 500 4777 ratione
523 4722 609 4776 terre
640 4713 682 4776 de
714 4714 886 4789 Draitone,
916 4735 981 4796 que
1012 4712 1073 4775 fuit
1104 4714 1137 4775 in
1169 4733 1269 4776 manu
1297 4735 1367 4790 sua,
1390 4715 1477 4779 idem

221 4817 391 4883 Gilbertus
408 4817 499 4881 venit
523 4838 635 4880 coram
659 4817 817 4900 predictis
838 4817 1029 4899 justiciariis
1045 4818 1122 4892 suis
1137 4828 1172 4881 et
1194 4818 1351 4900 cognovit
1367 4819 1477 4883 eidem

220 4923 358 4986 domino
393 4922 479 5005 Regi
511 4922 793 5003 presentationem
825 4942 944 4997 suam;
975 4942 1033 5004 per
1063 4942 1137 5002 que,
1167 4931 1238 4997 etc,
1264 4921 1307 4984 ad
1337 4923 1478 4988 eandem

219 5027 384 5092 admissus
399 5036 460 5104 est,
475 5035 536 5089 etc.
583 5026 628 5089 Et
645 5024 840 5088 mandatum
857 5035 909 5088 est
923 5023 1015 5088 dicto
1032 5024 1279 5089 Archidiacono
1302 5035 1347 5103 ut,
1362 5036 1423 5091 etc
