3609 5642
311 559 352 609 10
647 538 783 612 Rotulz'
806 538 983 634 Hugom's
1008 537 1052 610 de
1078 538 1211 610 Wclles

303 777 441 840 Roberti
465 777 507 841 de
531 777 726 843 Cestretone
742 780 775 842 in
801 799 900 843 manu
925 800 985 842 sua
1007 780 1235 855 existentium,
1250 778 1292 841 ad
1316 780 1489 843 ecclesiam
1514 780 1556 844 de

301 879 505 956 Cestretone‚
522 881 610 945 lacta
626 883 715 965 prius
732 884 945 965 inquisitione
969 905 1027 966 per
1044 883 1328 947 Archidiaconum
1347 882 1468 959 Oxon’,
1484 894 1555 961 etc,

300 993 334 1048 et
349 984 488 1048 domino
506 986 675 1069 Episcopo
697 989 874 1051 certiorato
898 1009 958 1070 per
979 988 1107 1051 litteras
1131 997 1285 1069 patentes
1303 987 1430 1050 Decani
1450 987 1555 1051 Here-

299 1088 462 1153 sordensis
477 1089 520 1153 de
537 1101 643 1154 morte
660 1092 808 1174 magistri
826 1092 864 1156 G.
888 1092 932 1155 de
956 1092 1059 1168 Barri,
1076 1092 1233 1174 proximo
1253 1092 1388 1154 rectoris
1404 1090 1553 1171 ejusdem

299 1194 445 1269 ecclesie,
468 1193 633 1257 admissus
656 1206 708 1258 est
730 1206 764 1260 et
788 1197 821 1259 in
844 1217 884 1260 ea
908 1197 1069 1259 canonice
1092 1215 1235 1278 persona
1258 1195 1441 1270 institutus,
1464 1195 1556 1258 salva

300 1308 461 1381 perpetua
478 1300 606 1362 vicaria.
615 1301 764 1384 magistri
777 1300 911 1364 Ranulfi
923 1301 966 1364 de
978 1301 1132 1376 Besaciis,
1145 1320 1245 1382 quam
1257 1299 1358 1363 babet
1375 1300 1408 1362 in
1424 1299 1555 1376 eadem;

299 1411 405 1466 totam
443 1402 569 1467 dictam
600 1405 774 1468 ecclesiam
806 1425 881 1468 cum
922 1405 1113 1487 pertinaciis
1143 1403 1380 1486 quoadvixerit
1418 1403 1553 1480 tenebit,

299 1507 435 1570 nomine
447 1507 566 1570 vicarie
582 1529 649 1584 sue,
660 1508 831 1572 reddendo
844 1509 922 1572 inde
934 1508 1026 1572 dicto
1037 1507 1207 1572 Willelmo
1222 1507 1265 1571 de
1282 1507 1383 1582 PariS,
1394 1516 1554 1591 tanquam

300 1629 448 1691 persone,
465 1613 613 1694 quinque
628 1633 758 1675 marcas
772 1622 807 1676 et
822 1612 996 1676 dimidiam
1020 1613 1155 1675 nomine
1177 1611 1354 1694 pensionis.
1402 1611 1448 1674 Et
1464 1631 1556 1674 man-

298 1713 415 1777 datum
439 1725 490 1779 est
513 1715 604 1779 dicto
628 1716 877 1780 Archidiacono
900 1716 1023 1792 Oxon',
1040 1726 1077 1779 ut
1100 1717 1208 1798 ipsum
1227 1715 1279 1778 W.
1294 1715 1395 1796 juxta
1412 1715 1555 1778 sormam

299 1819 505 1900 premissam,
520 1829 581 1883 etc.

390 1921 447 2005 [ln
463 1923 516 1986 tire
532 1924 662 2006 margin
673 1923 743 2008 .·-]
753 1925 944 2009 Exigantur
959 1925 1068 1988 littere
1083 1925 1348 2006 presentationis.

298 2091 440 2160 [Wllc'am
460 2093 495 2146 de
511 2094 639 2158 Penbroc,
661 2095 738 2158 clerk,
756 2095 907 2162 presented
922 2096 955 2164 by
973 2095 1018 2148 tin
1034 2094 1124 2148 Abbor
1141 2096 1177 2163 os
1188 2094 1343 2161 Eynsltam,
1365 2093 1391 2146 is
1412 2093 1560 2146 instituted

356 2177 465 2241 parson
482 2175 518 2243 os
525 2175 714 2230 Bn'aerwrton.
746 2178 810 2230 'The
821 2177 902 2245 abbey
914 2177 1013 2231 claims
1023 2194 1041 2230 a
1049 2179 1169 2246 pensiori
1181 2179 1217 2246 os
1222 2193 1260 2242 45.
1271 2194 1290 2229 a
1297 2176 1386 2245 year]

386 2285 417 2348 N
421 2288 794 2372 olemus—Magister
810 2289 999 2352 Willelmus
1020 2289 1062 2352 de
1085 2288 1243 2364 Penbroc,
1259 2289 1405 2365 clericus,
1421 2309 1556 2371 presen-

297 2399 387 2452 tatus
404 2410 461 2473 per
482 2391 652 2455 Abbatem
675 2402 710 2456 et
730 2402 933 2456 conventum
955 2393 998 2456 de
1020 2393 1235 2475 Eyneshame
1257 2391 1300 2454 ad
1322 2393 1496 2456 ecclesiam
1513 2394 1556 2457 de

299 2493 458 2572 Nortone,
475 2494 563 2559 lacta
578 2497 669 2578 prius
685 2497 900 2579 inquisitione
917 2518 975 2579 per
991 2497 1044 2573 A,
1057 2495 1341 2559 Archidiaconum
1354 2495 1556 2574 Oxon',etc.‚

297 2599 460 2680 susceptis
485 2600 586 2663 etiam
616 2600 733 2663 litteris
763 2600 890 2664 domini
921 2601 1023 2683 Regis
1051 2599 1159 2683 sigillo
1189 2599 1316 2662 domini
1343 2600 1479 2663 Martini
1512 2599 1554 2664 de

298 2701 489 2766 Pateshulle
512 2703 661 2786 signatis,
681 2705 772 2786 quod
801 2704 919 2768 Abbas
943 2705 986 2768 de
1011 2704 1225 2787 Eyneshame
1250 2703 1284 2765 in
1311 2705 1401 2766 curia
1427 2704 1555 2767 domini

299 2804 402 2887 Regis
429 2827 540 2869 coram
567 2807 798 2892 Justic[iariis]
822 2808 949 2871 domini
975 2809 1077 2892 Regis
1101 2808 1190 2891 apud
1215 2807 1551 2871 Westmonasterium

298 2911 504 2991 recuperavit
541 2913 698 2976 saisinam
733 2934 827 2976 suam
868 2934 926 2996 per
964 2914 1174 2996 Stephanum
1213 2911 1255 2974 de
1287 2911 1494 2976 Frutewelle¹
1522 2922 1556 2976 et

297 3012 485 3094 Johannem
517 3015 547 3078 le
579 3015 689 3080 Brune
719 3016 761 3080 de
800 3016 1023 3080 advocatione
1060 3015 1198 3080 ecclesie
1236 3015 1279 3078 de
1315 3015 1465 3079 Nortone
1498 3037 1556 3098 per

296 3115 435 3179 assisam
464 3118 579 3182 ultime
611 3121 876 3202 presentationis,
906 3131 977 3196 etc,
1007 3131 1041 3182 et
1071 3118 1161 3202 quod
1192 3118 1235 3181 ad
1273 3119 1554 3201 presentationem

296 3219 399 3303 ipsius
419 3220 564 3284 Abbatis
585 3222 740 3286 idoneam
763 3243 939 3305 personam
963 3223 1004 3286 ad
1026 3221 1167 3285 eandem
1192 3222 1366 3285 ecclesiam
1390 3221 1556 3299 admittat,

299 3323 462 3406 Magistro
477 3324 577 3388 etiam
596 3325 745 3389 Waltero
761 3325 804 3388 de
822 3325 1039 3409 Ailesbir[y],
1055 3327 1145 3409 prius
1161 3325 1203 3388 ad
1220 3324 1362 3388 eandem
1381 3324 1554 3388 ecclesiam

297 3447 356 3509 per
368 3427 494 3491 dictum
509 3428 680 3492 Abbatem
697 3441 730 3492 et
747 3429 929 3492 monachos
947 3438 1146 3511 presentato,
1160 3428 1372 3492 renuntiante
1388 3431 1478 3511 prius
1498 3451 1555 3513 per

297 3531 423 3594 litteras
439 3552 516 3594 suas
532 3542 685 3614 patentes
703 3533 764 3596 toti
778 3531 852 3613 juri,
867 3532 958 3615 quod
979 3531 1125 3595 habebat
1140 3553 1184 3594 ex
1207 3533 1280 3614 ipsa
1301 3534 1555 3614 presentatione,

297 3655 435 3716 perque
451 3636 565 3698 omnia
588 3637 758 3718 negotium
782 3634 843 3698 luit
869 3635 901 3697 in
927 3634 1098 3717 expedito
1125 3634 1291 3697 admissus
1317 3646 1367 3699 est
1394 3646 1426 3699 et
1455 3639 1488 3699 in
1515 3658 1582 3699 ea·

297 3740 456 3803 canonice
472 3760 615 3822 persona
638 3741 818 3816 institutus,
834 3760 910 3802 cum
934 3759 1035 3803 onere
1057 3738 1100 3801 ad
1125 3738 1299 3822 proximos
1322 3739 1456 3803 ordines
1479 3751 1555 3823 post

299 3842 420 3910 Natale
457 3842 674 3907 celebrandos
711 3863 800 3907 anno
833 3841 1048 3926 pontificatus
1092 3841 1220 3905 domini
1253 3842 1427 3925 Episcopi
1471 3845 1556 3907 xiiii⁰

297 3946 461 4022 veniendi,
475 3957 512 4009 ut
527 3957 606 4010 tunc
623 3948 656 4010 in
673 3947 915 4010 subdiaconum
932 3945 1110 4010 ordinetur.
1152 3945 1344 4026 lnjunctum
1361 3956 1413 4010 est
1429 3947 1508 4011 item
1525 3947 1555 4011 ei

296 4048 388 4130 quod
401 4050 598 4131 pensionem
614 4059 757 4132 quatuor
773 4049 955 4112 solidorum
971 4069 1070 4131 quam
1085 4048 1165 4112 dicti
1181 4049 1352 4112 Monachi²
1363 4051 1507 4132 exigunt
1522 4051 1555 4113 in

297 4151 415 4214 eadem
432 4153 580 4230 ecclesia,
596 4153 644 4216 eis
660 4173 727 4216 non
744 4153 852 4216 solvat
867 4152 975 4215 donec
996 4152 1211 4235 probaverint
1226 4173 1301 4215 eam
1318 4174 1391 4216 esse
1406 4153 1555 4217 debitam

297 4266 331 4318 et
346 4256 529 4339 antiquam.
577 4256 622 4320 Et
639 4255 835 4319 mandatum
851 4265 903 4318 est
920 4254 1169 4318 Archidiacono
1186 4255 1308 4332 Oxon',
1319 4267 1381 4320 etc.

296 4414 451 4482 [Magister
464 4415 602 4468 silvester
615 4415 649 4468 de
668 4415 812 4477 Cornubia,
826 4414 906 4476 cleric,
915 4413 1066 4481 presented
1079 4414 1113 4481 by
1125 4414 1170 4466 the
1181 4415 1270 4466 Pn'or
1278 4416 1315 4483 of
1320 4416 1361 4469 st.
1373 4415 1556 4472 frideswida.

362 4497 386 4549 is
397 4497 543 4551 instituted
551 4499 631 4552 vicar
640 4498 675 4566 os
681 4499 721 4552 St.
735 4498 773 4550 M
771 4498 860 4553 ichael
861 4499 886 4560 's,
900 4504 931 4550 at
941 4498 1106 4565 Northgate.
1122 4497 1252 4565 Orrsord,·
1262 4498 1297 4550 lu
1307 4499 1332 4550 is
1343 4504 1370 4551 lo
1381 4499 1411 4551 be
1422 4501 1559 4554 ordnined

361 4579 523 4632 suodeacon
534 4585 567 4633 at
576 4581 621 4632 tlte
633 4586 699 4633 next
709 4581 781 4633 Leni
790 4581 971 4649 ordination]

387 4698 571 4764 Ecctesm
591 4699 733 4764 Snucm
763 4700 977 4763 limnaeus
1001 4713 1051 4760 AD
1081 4699 1239 4760 Poumu
1266 4699 1553 4774 Aquuouauuu

300 4824 340 4872 IN
359 4809 731 4893 Omma-Magister
751 4811 912 4876 Siluester
927 4810 970 4874 de
986 4810 1164 4886 Cornubia,
1180 4810 1327 4886 clericus,
1344 4822 1553 4894 presentatus

495 5007 503 5036 ¹
518 5007 641 5076 Perhaps
656 5007 867 5060 '‘Frittewelle''·
1071 5010 1110 5036 ‘³⁶‘
1121 5005 1284 5066 Monachii”,
1299 5007 1358 5058 MS.
