3609 5642
591 606 769 704 Episcopi
790 605 1073 680 Lincolnz'ensz's.
1390 623 1457 697 277

204 846 356 911 Vicarius
387 856 567 931 perpetuus
598 846 733 910 habebit
763 855 872 910 totum
907 846 1105 929 altaragium
1138 855 1249 929 preter
1278 845 1460 930 principale

204 951 351 1034 legatum
375 971 435 1034 per
455 1000 949 1014 .................
952 949 960 978 ¹
978 959 1180 1014 conventum
1203 949 1288 1013 duas
1312 968 1460 1012 summas

205 1052 358 1117 [rumenti
383 1053 543 1137 pacabilis
561 1054 605 1118 ad
625 1053 745 1117 festum
763 1054 878 1119 Sancti
901 1054 1084 1118 Michaelis.
1130 1054 1265 1118 Vicaria
1284 1054 1373 1118 valet
1394 1062 1460 1116 tres

205 1178 339 1221 marcas.
378 1157 531 1221 Vicarius
547 1167 659 1221 autem
676 1158 782 1221 solvet
804 1206 1117 1221 ...........
1120 1156 1127 1186 ¹
1150 1156 1206 1241 [In
1222 1157 1274 1221 the
1292 1155 1461 1241 margt'n.·]

207 1262 364 1325 Mansum
380 1281 449 1325 non
464 1271 516 1325 est
531 1262 747 1345 assignatum.

205 1577 273 1647 [The
283 1578 433 1713 chrcrckitsos
440 1578 559 1632 claxton
568 1578 594 1631 ἐς
601 1577 692 1631 worth
698 1596 734 1645 5⁰
745 1578 848 1631 marks.
881 1578 938 1631 The
946 1579 1077 1647 vr'carage
1087 1577 1264 1639 indescrt'hech
1273 1577 1334 1630 aud
1340 1578 1364 1631 ir
1372 1576 1461 1630 worda

263 1674 363 1726 amr
394 1661 415 1727 Ι]

291 1785 701 1851 &mona—Ecclesia
740 1786 783 1850 de
825 1786 984 1851 Clastone
1021 1787 1110 1850 valet
1150 1786 1288 1869 triginta
1326 1806 1463 1849 marcas.

205 1888 357 1952 Vicarius
387 1900 567 1973 perpetuus
597 1889 734 1953 habebit
763 1898 872 1953 toturn
903 1890 1102 1973 altaragium
1134 1898 1245 1972 preter
1281 1889 1463 1972 principale

205 1992 362 2075 legatum,
386 1991 558 2057 reddendo
582 1992 661 2056 inde
687 1993 709 2056 d
733 2042 923 2057 .......
929 1992 935 2022 ¹
969 2013 1098 2057 marcas
1125 2013 1262 2068 annuas
1293 2002 1327 2056 et
1358 1993 1463 2057 solvet

205 2096 380 2179 synodalia
394 2105 535 2161 tantum.
581 2097 716 2162 Vicaria
732 2098 821 2161 valet
836 2098 985 2181 quinque
1002 2117 1138 2161 marcas
1193 2134 1194 2138 =

204 2471 245 2542 [Τ
241 2473 276 2526 lu
287 2473 391 2528 church
403 2474 520 2541 osHose
530 2476 555 2527 is
566 2475 656 2528 worth
668 2494 701 2540 14
714 2476 809 2528 marks
819 2475 880 2529 and
888 2492 907 2528 a
917 2476 988 2544 luzis.
1026 2474 1083 2529 The
1093 2476 1225 2544 vicarage
1235 2475 1261 2528 is
1277 2474 1434 2540 described]

293 2610 641 2676 Hom—Ecclesia
663 2611 705 2675 de
734 2611 859 2675 Howes
883 2611 973 2676 valet
996 2611 1249 2694 quatuordecim
1276 2633 1404 2676 marcas
1432 2623 1466 2677 et

203 2714 388 2778 dimidiam.
434 2714 588 2779 Vicarius
613 2724 793 2799 perpetuus
820 2715 957 2780 habebit
984 2725 1091 2779 totum
1125 2716 1324 2799 altaragium
1357 2727 1466 2800 preter

205 2817 389 2900 principale
409 2816 557 2901 legatum
581 2868 863 2882 ..........
867 2817 874 2847 ¹
899 2839 1049 2883 summas
1065 2818 1221 2883 frumenti
1243 2819 1403 2902 pacabilis
1423 2819 1465 2883 ad

205 2920 328 2985 festum
360 2920 477 2986 Sancti
508 2921 683 2986 Michaelis
709 2943 730 2985 a
759 2922 858 2986 dictis
889 2923 1001 2986 Priore
1031 2932 1065 2987 et
1095 2933 1270 3000 conventu,
1294 2933 1329 2988 et
1359 2923 1466 2987 solvet

205 3024 383 3107 synodalia
403 3033 543 3089 tantum.
588 3025 723 3089 Vicaria
738 3026 827 3089 valet
843 3036 909 3089 tres
932 3076 1120 3089 .......
1124 3025 1132 3053 ¹
1157 3025 1213 3109 [In
1229 3026 1282 3090 tlte
1298 3025 1429 3109 rizargr'n
1441 3026 1467 3109 r]

207 3128 367 3193 Mansum
384 3148 452 3192 non
467 3117 750 3213 est'assignatu'm.

210 3410 281 3477 [Tae
292 3410 396 3464 churclt
407 3412 444 3479 of
449 3411 653 3481 Hominghold
661 3413 687 3466 is
697 3413 789 3465 worth
796 3430 817 3479 5
828 3414 946 3480 marka]

296 3530 851 3597 HORD1NGEWALDE.—Ecclesia
865 3532 909 3597 de
927 3531 1211 3615 Hordingewalde
1221 3531 1309 3595 valet
1321 3533 1468 3615 quinque

209 3654 346 3698 marcas.
403 3634 559 3698 Vicarius
582 3684 1231 3700 ......................
1236 3635 1242 3663 ¹
1277 3636 1468 3719 [pa]cabilis

207 3738 341 3803 adictis
361 3739 475 3804 Priore
497 3749 532 3803 et
551 3752 717 3805 conventu
738 3741 780 3805 ad
801 3740 923 3805 festum
945 3741 1060 3806 Sancti
1082 3740 1255 3817 Michaelis
1278 3789 1467 3804 .......

206 3891 702 3907 .................
705 3843 713 3873 ¹
738 3843 795 3927 [In
815 3844 868 3908 tlte
888 3843 1101 3928 margt'n:-]
1126 3844 1285 3908 Mansum
1318 3864 1384 3907 non
1417 3854 1468 3908 est

209 3948 425 4030 assignatum.

210 4142 282 4208 [nu
292 4142 394 4197 cama
406 4142 565 4212 offam]

296 4261 444 4326 Abbatis
459 4272 494 4327 et
509 4274 694 4328 conventus
717 4314 906 4327 .......
910 4262 917 4292 ¹

296 4366 648 4433 Esssssst'.-Vicarius
679 4389 754 4431 cum
786 4368 905 4431 clerico
936 4389 998 4431 suo
1023 4377 1120 4432 erunt
1147 4366 1220 4451 [sic]
1246 4366 1288 4430 ad
1316 4387 1467 4431 mensam

209 4472 445 4536 canonicorum
472 4520 1454 4536 .................................
1459 4471 1464 4500 ¹

211 4573 348 4639 habebit
362 4572 432 4638 xxc
447 4574 573 4640 solidos
589 4598 649 4659 pro
665 4576 840 4660 stipendiis
855 4586 889 4640 et
906 4585 1055 4661 preterea
1070 4576 1254 4640 secundum
1278 4625 1466 4639 .......

209 4727 737 4743 ..................
740 4678 748 4707 ¹
773 4689 807 4745 et
827 4679 892 4744 alia
911 4700 1014 4745 onera
1033 4678 1184 4761 ejusdem
1200 4677 1338 4742 ecclesie
1354 4678 1468 4743 debita

209 4790 243 4845 et
256 4790 419 4847 consueta
433 4832 1019 4847 ....................
1023 4782 1030 4812 ¹
1056 4832 1244 4847 .......
1249 4782 1255 4810 ¹

742 5079 750 5110 ¹
763 5079 838 5133 Torn
850 5095 937 5148 away.
