3609 5642
617 591 795 691 Episcopi
818 588 1100 669 Lincolne‘ensz's.
1417 612 1488 689 309

248 746 267 751 -.
295 745 410 752 -.-.,.-
424 746 461 751 .-.
477 747 482 751 .

228 832 367 895 ecclesie
397 831 440 895 de
467 832 686 910 Halechtone‚
718 832 805 897 facta
836 833 926 915 prius
958 833 1171 916 inquisitione
1194 854 1253 916 per
1283 834 1343 911 W,
1368 834 1486 897 Archi·

227 936 406 999 diaconum
426 935 614 1012 Leicestrie,
624 946 658 999 et
676 936 860 999 Eustachio
875 935 918 999 de
931 936 1112 1001 Grainville
1126 936 1190 1017 juri
1207 937 1297 1019 quod
1313 958 1349 1000 se
1365 936 1487 1001 habere

228 1040 369 1103 asseruit
385 1039 418 1102 in
435 1038 586 1119 ejusdem
603 1039 743 1103 ecclesie
758 1050 938 1122 patronatu
956 1040 1177 1117 renuntiante,
1193 1060 1252 1122 per
1266 1061 1342 1123 que,
1356 1048 1427 1117 etc,
1442 1040 1485 1104 ad

227 1142 370 1210 eandem
403 1144 618 1208 medietatem
649 1144 816 1207 admissus
853 1154 915 1220 est,
945 1155 1020 1220 etc;
1057 1143 1149 1207 salva
1182 1143 1280 1208 dictis
1320 1146 1422 1208 Priori
1453 1156 1488 1209 et

227 1249 406 1311 conventui
430 1268 540 1310 annua
563 1246 703 1311 dimidie
726 1268 836 1311 marce
860 1249 1029 1330 pensione,
1044 1269 1120 1311 curn
1144 1270 1219 1312 eam
1242 1248 1391 1313 debitam
1415 1269 1487 1313 esse

228 1351 422 1415 constiterit.
463 1350 508 1414 Et
520 1350 717 1415 mandatum
727 1360 779 1415 est
796 1351 845 1427 R,
861 1351 1109 1416 Archidiacono
1123 1352 1311 1429 Leicestrie,
1324 1362 1369 1429 ut,
1381 1362 1443 1417 etc.

228 1712 336 1780 [Ralplr
349 1712 455 1776 Bacnn,
467 1712 635 1775 sub-deucere,
641 1713 789 1779 presented
797 1713 831 1781 by
841 1712 887 1765 tlte
895 1712 984 1766 Athot
992 1712 1052 1765 and
1063 1713 1189 1767 Convent
1198 1712 1234 1781 of
1240 1712 1451 1782 Peterborougte,
1462 1714 1502 1765 r's'

292 1794 440 1848 instituted
448 1799 476 1848 to
486 1796 531 1849 tlte
542 1794 643 1848 etrurclr
654 1796 690 1864 os
701 1794 897 1863 erugat-erse]

318 1914 917 1979 BRINNINGEHURSTE.-Radulfus
943 1914 1068 1991 Bacun,
1096 1914 1330 1991 subdiaconus,
1355 1932 1487 1997 presen-

229 2028 319 2082 tatus
334 2039 394 2101 per
409 2017 581 2083 Abbatam
593 2029 627 2081 et
643 2028 845 2081 conventum
864 2019 958 2082 Beati
978 2018 1065 2083 Petri
1076 2017 1119 2081 de
1137 2018 1249 2100 Burgo
1258 2017 1301 2080 ad
1312 2017 1485 2081 ecclesiam

228 2120 271 2183 de
287 2121 595 2205 Brinningehurste,
612 2122 699 2186 sacta
718 2124 809 2205 prius
825 2122 1041 2205 inquisitione
1060 2142 1118 2205 per
1135 2123 1185 2198 R.,
1202 2121 1486 2185 Archidiaconum

231 2222 426 2289 [eircestrie
457 2246 516 2309 per
545 2215 657 2309 quam,
686 2237 758 2303 etc,
789 2225 831 2289 ad
867 2225 1009 2290 eandem
1041 2224 1208 2289 admissus
1237 2236 1297 2301 est,
1327 2234 1387 2289 etc.
1443 2226 1489 2289 Et

229 2328 426 2394 mandatum
442 2341 494 2394 est
510 2330 601 2395 dicto
619 2330 869 2394 Archidiacono
886 2341 931 2404 ut,
945 2340 1005 2393 etc.

792 2540 922 2551 unm——

228 2689 350 2758 [Walter
358 2690 394 2743 de
409 2690 606 2753 Werministre,
615 2691 764 2759 presented
777 2690 811 2761 ty
822 2691 866 2743 tlte
877 2691 966 2745 Attor
975 2690 1037 2743 and
1047 2692 1216 2760 Conventus
1229 2690 1301 2749 Lire.
1315 2690 1490 2758 Norrnondy.

291 2774 318 2825 is
327 2773 474 2827 instituted
482 2779 510 2826 to
520 2774 566 2826 the
576 2773 677 2827 church
689 2774 724 2841 of
731 2773 876 2843 Sr'bstene.]

317 2891 776 2975 summoue-Magister
813 2893 983 2957 Walterus
1013 2893 1056 2957 de
1092 2892 1323 2957 Werministre
1353 2891 1488 2977 [blank],

230 3006 441 3078 presentatus
465 3016 524 3080 per
548 2996 717 3059 Abbatem
739 3006 773 3059 et
796 3007 1001 3060 conventum
1025 2996 1069 3060 de
1094 2996 1172 3059 Lira
1189 2995 1232 3058 ad
1255 2996 1429 3060 ecclesiam
1446 2994 1489 3058 de

230 3098 449 3177 Sibbesdone,
488 3099 575 3163 sacta
622 3101 712 3183 prius
757 3100 975 3182 inquisitione
1018 3120 1077 3182 per
1116 3100 1165 3177 R,
1203 3099 1488 3163 Archidiaconum

231 3203 435 3280 Leircestrie,
451 3224 510 3286 per
525 3224 638 3285 quam,
653 3212 725 3278 etc,
741 3202 783 3266 ad
806 3202 948 3267 eandem
966 3203 1132 3267 admissus
1148 3214 1208 3280 est,
1223 3214 1284 3267 etc.
1333 3204 1378 3273 Et
1395 3222 1487 3267 man-

228 3305 346 3370 datum
363 3316 414 3369 est
429 3305 540 3370 eidem
558 3306 807 3371 Archidiacono
824 3317 869 3384 ut,
884 3318 945 3370 etc.

227 3667 364 3737 [Richnrd
384 3668 418 3721 de
442 3668 618 3729 Gloucestria,
642 3669 810 3731 subdeacon,
831 3668 981 3735 presented
1001 3668 1100 3736 hythe
1122 3666 1210 3721 Attor
1230 3667 1290 3719 aeret
1312 3668 1438 3720 Convent
1458 3672 1490 3735 os

292 3750 430 3814 Leicester,
444 3751 469 3802 e's
479 3751 628 3804 instituted
634 3756 662 3804 to
672 3751 719 3804 tlte
730 3751 830 3803 churcle
842 3752 879 3820 of
884 3750 1108 3819 Humberstone.]

319 3870 821 3953 HUMBRESTAIN.-Magister
867 3868 1032 3934 Ricardus
1077 3868 1121 3933 de
1159 3867 1376 3945 Gloucestria,
1410 3868 1486 3931 sub-

227 3973 399 4051 diaconus,
422 3983 635 4057 presentatus
659 3995 717 4058 per
743 3974 914 4038 Abbatem
938 3985 973 4037 et
997 3982 1200 4037 conventum
1227 3972 1422 4035 Leircestrie
1445 3969 1487 4033 ad

227 4079 403 4143 ecclesiam
427 4078 470 4141 de
489 4078 741 4154 Humbrestain,
758 4077 846 4142 facta
871 4079 962 4161 prius
986 4077 1201 4159 inquisitione
1225 4096 1283 4158 per
1303 4076 1352 4151 R,
1370 4074 1488 4139 Archi-

227 4183 407 4246 diaconum
426 4181 631 4257 Leircestrie,
648 4203 707 4264 per
725 4202 837 4262 quam,
852 4191 925 4257 etc,
940 4181 983 4244 ad
1006 4179 1150 4244 eandem
1170 4180 1336 4242 admissus
1354 4188 1406 4242 est
1426 4179 1488 4242 sub

228 4306 316 4368 pena
332 4284 482 4361 Concilii,
497 4296 558 4349 etc.
605 4285 650 4349 Et
667 4283 865 4348 mandatum
881 4295 933 4348 est
948 4284 1041 4347 dicto
1059 4282 1306 4346 Archidiacono
1323 4292 1368 4357 ut,
1382 4292 1443 4345 etc.

228 4646 386 4714 [Regnare
394 4645 428 4699 de
442 4647 542 4699 &neto
553 4646 730 4715 leodegario,
743 4646 912 4705 undamn,
922 4646 1069 4712 presented
1082 4645 1115 4711 by
1128 4644 1253 4698 Ricleard
1260 4643 1294 4696 de
1304 4642 1477 4697 Harecurttee

292 4728 318 4779 r's
328 4728 477 4781 instituted
484 4732 512 4780 to
522 4728 568 4780 tlte
579 4726 679 4780 ceurctz
690 4727 726 4796 of
731 4727 842 4795 Silebn]

320 4846 759 4929 SYGLEBv.—Reginaldus
783 4846 827 4910 de
857 4848 984 4911 Sancto
1014 4846 1230 4927 Leodegari0,
1254 4844 1486 4919 subdiaconus

231 4961 440 5032 presentatus
456 4972 515 5033 per
532 4952 713 5015 Ricardum
730 4951 773 5014 de
791 4950 1011 5026 Harecurthe,
1027 4950 1178 5025 militem,
1195 4947 1236 5011 ad
1253 4947 1427 5011 ecclesiam
1443 4948 1486 5012 de

230 5054 377 5137 Sigleby,
389 5064 564 5120 vacantem
580 5076 640 5137 per
652 5055 910 5138 resignationem
929 5052 1064 5117 Ricardi
1081 5052 1123 5115 de
1143 5052 1487 5129 Harecurtheclerici,
