<?xml version="1.0" encoding="UTF-8"?>
<!DOCTYPE html PUBLIC "-//W3C//DTD XHTML 1.0 Transitional//EN"
    "http://www.w3.org/TR/xhtml1/DTD/xhtml1-transitional.dtd">
<html xmlns="http://www.w3.org/1999/xhtml" xml:lang="en" lang="en">
 <head>
  <title>
</title>
<meta http-equiv="Content-Type" content="text/html;charset=utf-8" />
  <meta name='ocr-system' content='tesseract 3.04.00' />
  <meta name='ocr-capabilities' content='ocr_page ocr_carea ocr_par ocr_line ocrx_word'/>
</head>
<body>
  <div class='ocr_page' id='page_1' title='image "./rotulihugonisde00davigoog_0206.png"; bbox 0 0 3609 5642; ppageno 0'>
   <div class='ocr_carea' id='block_1_1' title="bbox 585 598 1069 695">
    <p class='ocr_par' dir='ltr' id='par_1_1' title="bbox 585 598 1069 695">
     <span class='ocr_line' id='line_1_1' title="bbox 585 598 1069 695; baseline -0.002 -24"><span class='ocrx_word' id='word_1_1' title='bbox 585 598 763 695; x_wconf 71' lang='lat' dir='ltr'>Epzicopz&#39;</span> <span class='ocrx_word' id='word_1_2' title='bbox 786 599 1069 672; x_wconf 70' lang='lat' dir='ltr'>Lz&#39;ncolm&#39;ensu.</span> 
     </span>
    </p>
   </div>
   <div class='ocr_carea' id='block_1_2' title="bbox 1392 620 1457 690">
    <p class='ocr_par' dir='ltr' id='par_1_2' title="bbox 1392 620 1457 690">
     <span class='ocr_line' id='line_1_2' title="bbox 1392 620 1457 690; baseline 0.031 -2"><span class='ocrx_word' id='word_1_3' title='bbox 1392 620 1457 690; x_wconf 86' lang='lat'>195</span> 
     </span>
    </p>
   </div>
   <div class='ocr_carea' id='block_1_3' title="bbox 194 832 1461 2747">
    <p class='ocr_par' dir='ltr' id='par_1_3' title="bbox 199 832 1459 984">
     <span class='ocr_line' id='line_1_3' title="bbox 199 832 1459 901; baseline 0.002 -18"><span class='ocrx_word' id='word_1_4' title='bbox 199 832 268 900; x_wconf 73' lang='lat' dir='ltr'>[The</span> <span class='ocrx_word' id='word_1_5' title='bbox 284 833 443 885; x_wconf 65' lang='lat' dir='ltr'>institutrbn</span> <span class='ocrx_word' id='word_1_6' title='bbox 462 834 499 901; x_wconf 87' lang='lat' dir='ltr'>os</span> <span class='ocrx_word' id='word_1_7' title='bbox 509 832 646 896; x_wconf 76' lang='lat' dir='ltr'>Bernard,</span> <span class='ocrx_word' id='word_1_8' title='bbox 665 832 785 901; x_wconf 82' lang='lat' dir='ltr'>clerkos</span> <span class='ocrx_word' id='word_1_9' title='bbox 795 832 841 887; x_wconf 76' lang='lat' dir='ltr'>tlte</span> <span class='ocrx_word' id='word_1_10' title='bbox 860 834 968 901; x_wconf 73' lang='lat' dir='ltr'>Legata,</span> <span class='ocrx_word' id='word_1_11' title='bbox 986 838 1014 885; x_wconf 82' lang='lat' dir='ltr'>to</span> <span class='ocrx_word' id='word_1_12' title='bbox 1031 833 1076 885; x_wconf 75' lang='lat' dir='ltr'>tire</span> <span class='ocrx_word' id='word_1_13' title='bbox 1095 832 1196 886; x_wconf 76' lang='lat' dir='ltr'>church</span> <span class='ocrx_word' id='word_1_14' title='bbox 1214 834 1251 901; x_wconf 68' lang='lat' dir='ltr'>of</span> <span class='ocrx_word' id='word_1_15' title='bbox 1265 832 1459 893; x_wconf 65' lang='lat' dir='ltr'>Charrvdtom</span> 
     </span>
     <span class='ocr_line' id='line_1_4' title="bbox 254 914 464 984; baseline 0 -17"><span class='ocrx_word' id='word_1_16' title='bbox 254 914 333 981; x_wconf 79' lang='lat' dir='ltr'>June</span> <span class='ocrx_word' id='word_1_17' title='bbox 343 932 366 981; x_wconf 86' lang='lat'>7.</span> <span class='ocrx_word' id='word_1_18' title='bbox 380 916 464 984; x_wconf 76' lang='lat' dir='ltr'>mn]</span> 
     </span>
    </p>

    <p class='ocr_par' dir='ltr' id='par_1_4' title="bbox 194 1025 1461 2747">
     <span class='ocr_line' id='line_1_5' title="bbox 281 1025 1459 1099; baseline -0.004 -9"><span class='ocrx_word' id='word_1_19' title='bbox 281 1027 804 1092; x_wconf 77' lang='lat' dir='ltr'>CHEREWELTON.—-Omnibus</span> <span class='ocrx_word' id='word_1_20' title='bbox 835 1027 894 1089; x_wconf 89' lang='lat' dir='ltr'>has</span> <span class='ocrx_word' id='word_1_21' title='bbox 926 1027 1052 1090; x_wconf 87' lang='lat' dir='ltr'>litteras</span> <span class='ocrx_word' id='word_1_22' title='bbox 1078 1028 1194 1089; x_wconf 90' lang='lat' dir='ltr'>visuris</span> <span class='ocrx_word' id='word_1_23' title='bbox 1224 1037 1258 1089; x_wconf 92' lang='lat' dir='ltr'>et</span> <span class='ocrx_word' id='word_1_24' title='bbox 1288 1025 1459 1099; x_wconf 77' lang='lat' dir='ltr'>audituris,</span> 
     </span>
     <span class='ocr_line' id='line_1_6' title="bbox 197 1129 1457 1213; baseline -0.002 -21"><span class='ocrx_word' id='word_1_25' title='bbox 197 1139 256 1192; x_wconf 90' lang='lat' dir='ltr'>etc.</span> <span class='ocrx_word' id='word_1_26' title='bbox 303 1130 505 1193; x_wconf 88' lang='lat' dir='ltr'>Mandatum</span> <span class='ocrx_word' id='word_1_27' title='bbox 536 1130 733 1194; x_wconf 88' lang='lat' dir='ltr'>venerabilis</span> <span class='ocrx_word' id='word_1_28' title='bbox 765 1131 868 1213; x_wconf 90' lang='lat' dir='ltr'>patris</span> <span class='ocrx_word' id='word_1_29' title='bbox 891 1130 1020 1193; x_wconf 90' lang='lat' dir='ltr'>domini</span> <span class='ocrx_word' id='word_1_30' title='bbox 1052 1129 1170 1213; x_wconf 87' lang='lat' dir='ltr'>Legati</span> <span class='ocrx_word' id='word_1_31' title='bbox 1195 1131 1401 1211; x_wconf 87' lang='lat' dir='ltr'>suscepimus</span> <span class='ocrx_word' id='word_1_32' title='bbox 1425 1129 1457 1190; x_wconf 92' lang='lat' dir='ltr'>in</span> 
     </span>
     <span class='ocr_line' id='line_1_7' title="bbox 199 1230 1458 1316; baseline -0.002 -21"><span class='ocrx_word' id='word_1_33' title='bbox 199 1234 257 1296; x_wconf 86' lang='lat' dir='ltr'>hec</span> <span class='ocrx_word' id='word_1_34' title='bbox 277 1234 379 1297; x_wconf 89' lang='lat' dir='ltr'>verba</span> <span class='ocrx_word' id='word_1_35' title='bbox 390 1234 658 1297; x_wconf 87' lang='lat' dir='ltr'>:-·‘Venerabili</span> <span class='ocrx_word' id='word_1_36' title='bbox 683 1235 716 1296; x_wconf 94' lang='lat' dir='ltr'>in</span> <span class='ocrx_word' id='word_1_37' title='bbox 740 1234 874 1298; x_wconf 89' lang='lat' dir='ltr'>Christo</span> <span class='ocrx_word' id='word_1_38' title='bbox 899 1235 994 1316; x_wconf 88' lang='lat' dir='ltr'>patri,</span> <span class='ocrx_word' id='word_1_39' title='bbox 1015 1243 1075 1297; x_wconf 90' lang='lat' dir='ltr'>etc.</span> <span class='ocrx_word' id='word_1_40' title='bbox 1116 1233 1201 1297; x_wconf 89' lang='lat' dir='ltr'>Cum</span> <span class='ocrx_word' id='word_1_41' title='bbox 1225 1233 1398 1296; x_wconf 88' lang='lat' dir='ltr'>ecclesiam</span> <span class='ocrx_word' id='word_1_42' title='bbox 1416 1230 1458 1293; x_wconf 90' lang='lat' dir='ltr'>de</span> 
     </span>
     <span class='ocr_line' id='line_1_8' title="bbox 199 1335 1460 1419; baseline -0.002 -20"><span class='ocrx_word' id='word_1_43' title='bbox 199 1335 450 1401; x_wconf 85' lang='lat' dir='ltr'>Chereweltone</span> <span class='ocrx_word' id='word_1_44' title='bbox 486 1347 596 1401; x_wconf 85' lang='lat' dir='ltr'>vestre</span> <span class='ocrx_word' id='word_1_45' title='bbox 632 1336 784 1412; x_wconf 90' lang='lat' dir='ltr'>diocesis,</span> <span class='ocrx_word' id='word_1_46' title='bbox 818 1358 884 1419; x_wconf 91' lang='lat' dir='ltr'>que</span> <span class='ocrx_word' id='word_1_47' title='bbox 922 1336 984 1399; x_wconf 80' lang='lat' dir='ltr'>fuit</span> <span class='ocrx_word' id='word_1_48' title='bbox 1022 1337 1109 1399; x_wconf 92' lang='lat' dir='ltr'>bone</span> <span class='ocrx_word' id='word_1_49' title='bbox 1145 1338 1305 1400; x_wconf 87' lang='lat' dir='ltr'>memorie</span> <span class='ocrx_word' id='word_1_50' title='bbox 1336 1336 1460 1409; x_wconf 84' lang='lat' dir='ltr'>Uliam,</span> 
     </span>
     <span class='ocr_line' id='line_1_9' title="bbox 196 1438 1460 1521; baseline -0.001 -19"><span class='ocrx_word' id='word_1_51' title='bbox 196 1440 367 1503; x_wconf 80' lang='lat' dir='ltr'>senescalli</span> <span class='ocrx_word' id='word_1_52' title='bbox 386 1440 531 1503; x_wconf 84' lang='lat' dir='ltr'>Abbatis</span> <span class='ocrx_word' id='word_1_53' title='bbox 546 1440 847 1516; x_wconf 86' lang='lat' dir='ltr'>Westmonasterii,</span> <span class='ocrx_word' id='word_1_54' title='bbox 863 1440 988 1503; x_wconf 89' lang='lat' dir='ltr'>dilecto</span> <span class='ocrx_word' id='word_1_55' title='bbox 1007 1439 1075 1502; x_wconf 90' lang='lat' dir='ltr'>filio</span> <span class='ocrx_word' id='word_1_56' title='bbox 1093 1440 1257 1521; x_wconf 84' lang='lat' dir='ltr'>Magistro</span> <span class='ocrx_word' id='word_1_57' title='bbox 1281 1438 1460 1513; x_wconf 90' lang='lat' dir='ltr'>Bemard0,</span> 
     </span>
     <span class='ocr_line' id='line_1_10' title="bbox 195 1541 1459 1625; baseline -0.002 -19"><span class='ocrx_word' id='word_1_58' title='bbox 195 1544 313 1606; x_wconf 91' lang='lat' dir='ltr'>clerico</span> <span class='ocrx_word' id='word_1_59' title='bbox 329 1564 416 1619; x_wconf 92' lang='lat' dir='ltr'>meo,</span> <span class='ocrx_word' id='word_1_60' title='bbox 426 1545 530 1625; x_wconf 92' lang='lat' dir='ltr'>ipsius</span> <span class='ocrx_word' id='word_1_61' title='bbox 545 1544 731 1607; x_wconf 87' lang='lat' dir='ltr'>litteratura</span> <span class='ocrx_word' id='word_1_62' title='bbox 746 1554 780 1607; x_wconf 91' lang='lat' dir='ltr'>et</span> <span class='ocrx_word' id='word_1_63' title='bbox 795 1545 935 1607; x_wconf 89' lang='lat' dir='ltr'>scientia</span> <span class='ocrx_word' id='word_1_64' title='bbox 952 1544 1108 1624; x_wconf 87' lang='lat' dir='ltr'>pensatis,</span> <span class='ocrx_word' id='word_1_65' title='bbox 1124 1543 1283 1605; x_wconf 88' lang='lat' dir='ltr'>canonice</span> <span class='ocrx_word' id='word_1_66' title='bbox 1298 1541 1459 1605; x_wconf 86' lang='lat' dir='ltr'>duximus</span> 
     </span>
     <span class='ocr_line' id='line_1_11' title="bbox 195 1646 1460 1730; baseline -0.002 -20"><span class='ocrx_word' id='word_1_67' title='bbox 195 1647 442 1724; x_wconf 82' lang='lat' dir='ltr'>conferendam,</span> <span class='ocrx_word' id='word_1_68' title='bbox 473 1668 649 1711; x_wconf 90' lang='lat' dir='ltr'>monemus</span> <span class='ocrx_word' id='word_1_69' title='bbox 680 1648 915 1730; x_wconf 86' lang='lat' dir='ltr'>paternitatem</span> <span class='ocrx_word' id='word_1_70' title='bbox 947 1658 1102 1722; x_wconf 90' lang='lat' dir='ltr'>vestram,</span> <span class='ocrx_word' id='word_1_71' title='bbox 1130 1646 1333 1728; x_wconf 90' lang='lat' dir='ltr'>presentium</span> <span class='ocrx_word' id='word_1_72' title='bbox 1366 1646 1460 1709; x_wconf 91' lang='lat' dir='ltr'>vobis</span> 
     </span>
     <span class='ocr_line' id='line_1_12' title="bbox 195 1748 1459 1833; baseline -0.002 -20"><span class='ocrx_word' id='word_1_73' title='bbox 195 1752 395 1814; x_wconf 86' lang='lat' dir='ltr'>auctoritate</span> <span class='ocrx_word' id='word_1_74' title='bbox 417 1750 626 1826; x_wconf 89' lang='lat' dir='ltr'>mandantes,</span> <span class='ocrx_word' id='word_1_75' title='bbox 642 1752 800 1833; x_wconf 86' lang='lat' dir='ltr'>quatinus</span> <span class='ocrx_word' id='word_1_76' title='bbox 820 1750 947 1815; x_wconf 92' lang='lat' dir='ltr'>dictum</span> <span class='ocrx_word' id='word_1_77' title='bbox 975 1750 1175 1832; x_wconf 88' lang='lat' dir='ltr'>Magistrum</span> <span class='ocrx_word' id='word_1_78' title='bbox 1198 1748 1459 1831; x_wconf 89' lang='lat' dir='ltr'>incorporalem</span> 
     </span>
     <span class='ocr_line' id='line_1_13' title="bbox 194 1848 1460 1937; baseline -0.002 -20"><span class='ocrx_word' id='word_1_79' title='bbox 194 1855 297 1937; x_wconf 91' lang='lat' dir='ltr'>ipsius</span> <span class='ocrx_word' id='word_1_80' title='bbox 327 1854 467 1917; x_wconf 87' lang='lat' dir='ltr'>ecclesie</span> <span class='ocrx_word' id='word_1_81' title='bbox 490 1854 735 1936; x_wconf 89' lang='lat' dir='ltr'>possessionem</span> <span class='ocrx_word' id='word_1_82' title='bbox 760 1855 888 1918; x_wconf 84' lang='lat' dir='ltr'>faciatis</span> <span class='ocrx_word' id='word_1_83' title='bbox 911 1854 1033 1930; x_wconf 88' lang='lat' dir='ltr'>induci,</span> <span class='ocrx_word' id='word_1_84' title='bbox 1056 1854 1149 1916; x_wconf 88' lang='lat' dir='ltr'>salvo</span> <span class='ocrx_word' id='word_1_85' title='bbox 1173 1873 1231 1936; x_wconf 88' lang='lat' dir='ltr'>per</span> <span class='ocrx_word' id='word_1_86' title='bbox 1254 1848 1367 1916; x_wconf 88' lang='lat' dir='ltr'>omnia</span> <span class='ocrx_word' id='word_1_87' title='bbox 1387 1852 1460 1934; x_wconf 85' lang='lat' dir='ltr'>jure</span> 
     </span>
     <span class='ocr_line' id='line_1_14' title="bbox 196 1956 1459 2041; baseline -0.001 -21"><span class='ocrx_word' id='word_1_88' title='bbox 196 1960 260 2021; x_wconf 90' lang='lat' dir='ltr'>veri</span> <span class='ocrx_word' id='word_1_89' title='bbox 277 1959 413 2041; x_wconf 87' lang='lat' dir='ltr'>patroni</span> <span class='ocrx_word' id='word_1_90' title='bbox 428 1958 580 2039; x_wconf 88' lang='lat' dir='ltr'>ejusdem</span> <span class='ocrx_word' id='word_1_91' title='bbox 603 1959 750 2023; x_wconf 87' lang='lat' dir='ltr'>ecclesie.</span> <span class='ocrx_word' id='word_1_92' title='bbox 796 1958 1068 2023; x_wconf 88' lang='lat' dir='ltr'>Contradictores</span> <span class='ocrx_word' id='word_1_93' title='bbox 1087 1966 1200 2020; x_wconf 91' lang='lat' dir='ltr'>autem</span> <span class='ocrx_word' id='word_1_94' title='bbox 1216 1956 1243 2019; x_wconf 93' lang='lat' dir='ltr'>si</span> <span class='ocrx_word' id='word_1_95' title='bbox 1259 1957 1316 2038; x_wconf 93' lang='lat' dir='ltr'>qui</span> <span class='ocrx_word' id='word_1_96' title='bbox 1338 1956 1459 2019; x_wconf 84' lang='lat' dir='ltr'>suerint</span> 
     </span>
     <span class='ocr_line' id='line_1_15' title="bbox 196 2061 1460 2144; baseline -0.002 -20"><span class='ocrx_word' id='word_1_97' title='bbox 196 2062 244 2126; x_wconf 87' lang='lat' dir='ltr'>vel</span> <span class='ocrx_word' id='word_1_98' title='bbox 262 2061 406 2125; x_wconf 88' lang='lat' dir='ltr'>rebelles</span> <span class='ocrx_word' id='word_1_99' title='bbox 422 2063 607 2125; x_wconf 89' lang='lat' dir='ltr'>monitione</span> <span class='ocrx_word' id='word_1_100' title='bbox 630 2064 794 2144; x_wconf 87' lang='lat' dir='ltr'>premissa</span> <span class='ocrx_word' id='word_1_101' title='bbox 816 2083 875 2144; x_wconf 89' lang='lat' dir='ltr'>per</span> <span class='ocrx_word' id='word_1_102' title='bbox 897 2080 1072 2125; x_wconf 88' lang='lat' dir='ltr'>censuram</span> <span class='ocrx_word' id='word_1_103' title='bbox 1091 2061 1350 2123; x_wconf 89' lang='lat' dir='ltr'>ecclesiasticam</span> <span class='ocrx_word' id='word_1_104' title='bbox 1369 2080 1460 2122; x_wconf 90' lang='lat' dir='ltr'>com-</span> 
     </span>
     <span class='ocr_line' id='line_1_16' title="bbox 197 2164 1461 2249; baseline -0.002 -20"><span class='ocrx_word' id='word_1_105' title='bbox 197 2167 349 2249; x_wconf 88' lang='lat' dir='ltr'>pescatis.</span> <span class='ocrx_word' id='word_1_106' title='bbox 410 2167 487 2229; x_wconf 89' lang='lat' dir='ltr'>Dat’</span> <span class='ocrx_word' id='word_1_107' title='bbox 503 2166 593 2249; x_wconf 89' lang='lat' dir='ltr'>apud</span> <span class='ocrx_word' id='word_1_108' title='bbox 616 2167 829 2249; x_wconf 88' lang='lat' dir='ltr'>Radingiam,</span> <span class='ocrx_word' id='word_1_109' title='bbox 854 2167 901 2228; x_wconf 91' lang='lat' dir='ltr'>iiii</span> <span class='ocrx_word' id='word_1_110' title='bbox 924 2166 1040 2229; x_wconf 85' lang='lat' dir='ltr'>Nonas</span> <span class='ocrx_word' id='word_1_111' title='bbox 1063 2164 1180 2249; x_wconf 90' lang='lat' dir='ltr'>Junii.&#39;&#39;</span> <span class='ocrx_word' id='word_1_112' title='bbox 1229 2164 1340 2246; x_wconf 89' lang='lat' dir='ltr'>Hujus</span> <span class='ocrx_word' id='word_1_113' title='bbox 1361 2165 1461 2247; x_wconf 88' lang='lat' dir='ltr'>igitur</span> 
     </span>
     <span class='ocr_line' id='line_1_17' title="bbox 196 2268 1458 2353; baseline -0.001 -21"><span class='ocrx_word' id='word_1_114' title='bbox 196 2272 396 2333; x_wconf 88' lang='lat' dir='ltr'>auctoritate</span> <span class='ocrx_word' id='word_1_115' title='bbox 412 2270 562 2333; x_wconf 89' lang='lat' dir='ltr'>mandati</span> <span class='ocrx_word' id='word_1_116' title='bbox 580 2272 745 2353; x_wconf 82' lang='lat' dir='ltr'>prelatum</span> <span class='ocrx_word' id='word_1_117' title='bbox 764 2271 965 2353; x_wconf 87' lang='lat' dir='ltr'>Magistrum</span> <span class='ocrx_word' id='word_1_118' title='bbox 984 2270 1189 2333; x_wconf 90' lang='lat' dir='ltr'>Bernardum</span> <span class='ocrx_word' id='word_1_119' title='bbox 1207 2268 1458 2349; x_wconf 88' lang='lat' dir='ltr'>incorporalem</span> 
     </span>
     <span class='ocr_line' id='line_1_18' title="bbox 198 2370 1459 2457; baseline -0.002 -21"><span class='ocrx_word' id='word_1_120' title='bbox 198 2373 283 2436; x_wconf 92' lang='lat' dir='ltr'>illius</span> <span class='ocrx_word' id='word_1_121' title='bbox 303 2374 443 2437; x_wconf 89' lang='lat' dir='ltr'>ecclesie</span> <span class='ocrx_word' id='word_1_122' title='bbox 464 2376 710 2456; x_wconf 89' lang='lat' dir='ltr'>possessionem</span> <span class='ocrx_word' id='word_1_123' title='bbox 728 2396 787 2457; x_wconf 91' lang='lat' dir='ltr'>per</span> <span class='ocrx_word' id='word_1_124' title='bbox 806 2372 1077 2437; x_wconf 86' lang='lat' dir='ltr'>archidiaconum</span> <span class='ocrx_word' id='word_1_125' title='bbox 1098 2373 1161 2436; x_wconf 93' lang='lat' dir='ltr'>loci</span> <span class='ocrx_word' id='word_1_126' title='bbox 1182 2373 1320 2436; x_wconf 88' lang='lat' dir='ltr'>lecimus</span> <span class='ocrx_word' id='word_1_127' title='bbox 1340 2370 1459 2434; x_wconf 91' lang='lat' dir='ltr'>induci.</span> 
     </span>
     <span class='ocr_line' id='line_1_19' title="bbox 197 2475 1460 2559; baseline -0.001 -21"><span class='ocrx_word' id='word_1_128' title='bbox 197 2476 288 2539; x_wconf 83' lang='lat' dir='ltr'>Data</span> <span class='ocrx_word' id='word_1_129' title='bbox 314 2498 373 2559; x_wconf 89' lang='lat' dir='ltr'>per</span> <span class='ocrx_word' id='word_1_130' title='bbox 403 2498 541 2541; x_wconf 86' lang='lat' dir='ltr'>nranurn</span> <span class='ocrx_word' id='word_1_131' title='bbox 572 2477 704 2542; x_wconf 86' lang='lat' dir='ltr'>Thorne</span> <span class='ocrx_word' id='word_1_132' title='bbox 735 2478 777 2541; x_wconf 90' lang='lat' dir='ltr'>de</span> <span class='ocrx_word' id='word_1_133' title='bbox 809 2478 986 2541; x_wconf 86' lang='lat' dir='ltr'>Fiskerton</span> <span class='ocrx_word' id='word_1_134' title='bbox 1011 2476 1183 2559; x_wconf 91' lang='lat' dir='ltr'>capellani,</span> <span class='ocrx_word' id='word_1_135' title='bbox 1206 2476 1356 2539; x_wconf 92' lang='lat' dir='ltr'>canonici</span> <span class='ocrx_word' id='word_1_136' title='bbox 1379 2475 1460 2537; x_wconf 63' lang='lat' dir='ltr'>*Lin-</span> 
     </span>
     <span class='ocr_line' id='line_1_20' title="bbox 196 2578 1458 2663; baseline 0.001 -23"><span class='ocrx_word' id='word_1_137' title='bbox 196 2580 383 2655; x_wconf 89' lang='lat' dir='ltr'>colniensis,</span> <span class='ocrx_word' id='word_1_138' title='bbox 406 2580 496 2661; x_wconf 90' lang='lat' dir='ltr'>apud</span> <span class='ocrx_word' id='word_1_139' title='bbox 521 2581 803 2645; x_wconf 90' lang='lat' dir='ltr'>Norhamtoniam</span> <span class='ocrx_word' id='word_1_140' title='bbox 829 2582 871 2644; x_wconf 94' lang='lat' dir='ltr'>vii</span> <span class='ocrx_word' id='word_1_141' title='bbox 894 2581 969 2644; x_wconf 92' lang='lat' dir='ltr'>idus</span> <span class='ocrx_word' id='word_1_142' title='bbox 993 2581 1092 2663; x_wconf 90' lang='lat' dir='ltr'>Junii‚</span> <span class='ocrx_word' id='word_1_143' title='bbox 1119 2578 1334 2663; x_wconf 88' lang='lat' dir='ltr'>pontificatus</span> <span class='ocrx_word' id='word_1_144' title='bbox 1356 2579 1458 2643; x_wconf 88' lang='lat' dir='ltr'>nostri</span> 
     </span>
     <span class='ocr_line' id='line_1_21' title="bbox 198 2703 360 2747; baseline 0.006 -1"><span class='ocrx_word' id='word_1_145' title='bbox 198 2703 286 2746; x_wconf 90' lang='lat' dir='ltr'>anno</span> <span class='ocrx_word' id='word_1_146' title='bbox 303 2706 360 2747; x_wconf 87' lang='lat' dir='ltr'>xu.</span> 
     </span>
    </p>
   </div>
   <div class='ocr_carea' id='block_1_4' title="bbox 198 2856 1461 3035">
    <p class='ocr_par' dir='ltr' id='par_1_5' title="bbox 198 2856 1461 3035">
     <span class='ocr_line' id='line_1_22' title="bbox 310 2857 605 2923; baseline 0.003 -2"><span class='ocrx_word' id='word_1_147' title='bbox 310 2858 362 2921; x_wconf 89' lang='lat' dir='ltr'>On</span> <span class='ocrx_word' id='word_1_148' title='bbox 378 2857 431 2921; x_wconf 80' lang='lat' dir='ltr'>tlte</span> <span class='ocrx_word' id='word_1_149' title='bbox 445 2859 537 2922; x_wconf 82' lang='lat' dir='ltr'>dorse</span> <span class='ocrx_word' id='word_1_150' title='bbox 549 2882 605 2923; x_wconf 85' lang='lat'>:-</span> 
     </span>
     <span class='ocr_line' id='line_1_23' title="bbox 198 2856 1461 3035; baseline 0.001 -18"><span class='ocrx_word' id='word_1_151' title='bbox 198 2856 305 3032; x_wconf 50' lang='lat' dir='ltr'>[mmai</span> <span class='ocrx_word' id='word_1_152' title='bbox 313 2964 346 3032; x_wconf 74' lang='lat' dir='ltr'>ly</span> <span class='ocrx_word' id='word_1_153' title='bbox 356 2965 403 3018; x_wconf 81' lang='lat' dir='ltr'>tlte</span> <span class='ocrx_word' id='word_1_154' title='bbox 414 2965 521 3034; x_wconf 68' lang='lat' dir='ltr'>Bathop</span> <span class='ocrx_word' id='word_1_155' title='bbox 533 2972 560 3019; x_wconf 77' lang='lat' dir='ltr'>{o</span> <span class='ocrx_word' id='word_1_156' title='bbox 571 2859 672 3019; x_wconf 67' lang='lat' dir='ltr'>Roim</span> <span class='ocrx_word' id='word_1_157' title='bbox 681 2966 755 3018; x_wconf 86' lang='lat' dir='ltr'>Abbe</span> <span class='ocrx_word' id='word_1_158' title='bbox 766 2968 801 3034; x_wconf 85' lang='lat' dir='ltr'>of</span> <span class='ocrx_word' id='word_1_159' title='bbox 807 2966 852 3019; x_wconf 78' lang='lat' dir='ltr'>tlte</span> <span class='ocrx_word' id='word_1_160' title='bbox 860 2966 972 3034; x_wconf 58' lang='lat' dir='ltr'>notoria</span> <span class='ocrx_word' id='word_1_161' title='bbox 982 2967 1018 3030; x_wconf 81' lang='lat' dir='ltr'>of</span> <span class='ocrx_word' id='word_1_162' title='bbox 1023 2964 1068 3019; x_wconf 77' lang='lat' dir='ltr'>tlu</span> <span class='ocrx_word' id='word_1_163' title='bbox 1080 2966 1151 3019; x_wconf 83' lang='lat' dir='ltr'>land</span> <span class='ocrx_word' id='word_1_164' title='bbox 1159 2966 1219 3019; x_wconf 84' lang='lat' dir='ltr'>and</span> <span class='ocrx_word' id='word_1_165' title='bbox 1226 2966 1290 3019; x_wconf 80' lang='lat' dir='ltr'>lreir</span> <span class='ocrx_word' id='word_1_166' title='bbox 1299 2968 1334 3035; x_wconf 88' lang='lat' dir='ltr'>os</span> <span class='ocrx_word' id='word_1_167' title='bbox 1334 2966 1414 3032; x_wconf 80' lang='lat' dir='ltr'>John</span> <span class='ocrx_word' id='word_1_168' title='bbox 1425 2966 1461 3018; x_wconf 82' lang='lat' dir='ltr'>de</span> 
     </span>
    </p>
   </div>
   <div class='ocr_carea' id='block_1_5' title="bbox 191 3046 1460 4686">
    <p class='ocr_par' dir='ltr' id='par_1_6' title="bbox 262 3046 654 3117">
     <span class='ocr_line' id='line_1_24' title="bbox 262 3046 654 3117; baseline 0.005 -19"><span class='ocrx_word' id='word_1_169' title='bbox 262 3046 410 3115; x_wconf 57' lang='lat' dir='ltr'>Halyaltm</span> <span class='ocrx_word' id='word_1_170' title='bbox 427 3047 503 3100; x_wconf 87' lang='lat' dir='ltr'>Mar.</span> <span class='ocrx_word' id='word_1_171' title='bbox 513 3066 555 3115; x_wconf 78' lang='lat'>31,</span> <span class='ocrx_word' id='word_1_172' title='bbox 570 3049 654 3117; x_wconf 75' lang='lat' dir='ltr'>rm]</span> 
     </span>
    </p>

    <p class='ocr_par' dir='ltr' id='par_1_7' title="bbox 191 3148 1460 4686">
     <span class='ocr_line' id='line_1_25' title="bbox 283 3148 1460 3215; baseline 0.002 -2"><span class='ocrx_word' id='word_1_173' title='bbox 283 3148 414 3213; x_wconf 76' lang='lat' dir='ltr'>Canna</span> <span class='ocrx_word' id='word_1_174' title='bbox 446 3150 616 3213; x_wconf 80' lang='lat' dir='ltr'>Roaann</span> <span class='ocrx_word' id='word_1_175' title='bbox 648 3150 753 3213; x_wconf 85' lang='lat' dir='ltr'>Aaaa</span> <span class='ocrx_word' id='word_1_176' title='bbox 792 3165 841 3214; x_wconf 82' lang='lat' dir='ltr'>na</span> <span class='ocrx_word' id='word_1_177' title='bbox 881 3151 1079 3215; x_wconf 77' lang='lat' dir='ltr'>Daavron&#39;</span> <span class='ocrx_word' id='word_1_178' title='bbox 1116 3164 1235 3215; x_wconf 72' lang='lat' dir='ltr'>sunan</span> <span class='ocrx_word' id='word_1_179' title='bbox 1272 3164 1460 3215; x_wconf 80' lang='lat' dir='ltr'>cusroma</span> 
     </span>
     <span class='ocr_line' id='line_1_26' title="bbox 198 3252 1459 3337; baseline 0.002 -22"><span class='ocrx_word' id='word_1_180' title='bbox 198 3252 400 3315; x_wconf 76' lang='lat' dir='ltr'>Wnaaanr</span> <span class='ocrx_word' id='word_1_181' title='bbox 438 3266 489 3315; x_wconf 84' lang='lat' dir='ltr'>na</span> <span class='ocrx_word' id='word_1_182' title='bbox 529 3253 931 3318; x_wconf 62' lang='lat' dir='ltr'>flumen-Omnibus</span> <span class='ocrx_word' id='word_1_183' title='bbox 968 3253 1066 3337; x_wconf 89' lang='lat' dir='ltr'>[etc.].</span> <span class='ocrx_word' id='word_1_184' title='bbox 1124 3254 1244 3319; x_wconf 85' lang='lat' dir='ltr'>Sciatis</span> <span class='ocrx_word' id='word_1_185' title='bbox 1281 3274 1343 3317; x_wconf 88' lang='lat' dir='ltr'>nos</span> <span class='ocrx_word' id='word_1_186' title='bbox 1381 3275 1459 3318; x_wconf 89' lang='lat' dir='ltr'>con-</span> 
     </span>
     <span class='ocr_line' id='line_1_27' title="bbox 196 3355 1458 3440; baseline 0.001 -20"><span class='ocrx_word' id='word_1_187' title='bbox 196 3357 342 3431; x_wconf 87' lang='lat' dir='ltr'>cessisse,</span> <span class='ocrx_word' id='word_1_188' title='bbox 373 3355 506 3419; x_wconf 89' lang='lat' dir='ltr'>dedisse</span> <span class='ocrx_word' id='word_1_189' title='bbox 535 3368 569 3420; x_wconf 93' lang='lat' dir='ltr'>et</span> <span class='ocrx_word' id='word_1_190' title='bbox 600 3358 744 3440; x_wconf 90' lang='lat' dir='ltr'>presenti</span> <span class='ocrx_word' id='word_1_191' title='bbox 776 3366 867 3421; x_wconf 92' lang='lat' dir='ltr'>carta</span> <span class='ocrx_word' id='word_1_192' title='bbox 905 3366 1019 3419; x_wconf 91' lang='lat' dir='ltr'>nostra</span> <span class='ocrx_word' id='word_1_193' title='bbox 1056 3356 1270 3420; x_wconf 85' lang='lat' dir='ltr'>confirmasse</span> <span class='ocrx_word' id='word_1_194' title='bbox 1309 3356 1458 3421; x_wconf 86' lang='lat' dir='ltr'>Roberto</span> 
     </span>
     <span class='ocr_line' id='line_1_28' title="bbox 201 3459 1458 3543; baseline 0.002 -20"><span class='ocrx_word' id='word_1_195' title='bbox 201 3460 296 3523; x_wconf 86' lang='lat' dir='ltr'>Abbe</span> <span class='ocrx_word' id='word_1_196' title='bbox 311 3460 356 3524; x_wconf 91' lang='lat' dir='ltr'>de</span> <span class='ocrx_word' id='word_1_197' title='bbox 379 3460 543 3543; x_wconf 91' lang='lat' dir='ltr'>Drayton’</span> <span class='ocrx_word' id='word_1_198' title='bbox 564 3460 750 3524; x_wconf 88' lang='lat' dir='ltr'>custodiam</span> <span class='ocrx_word' id='word_1_199' title='bbox 769 3461 928 3525; x_wconf 91' lang='lat' dir='ltr'>Willelmi</span> <span class='ocrx_word' id='word_1_200' title='bbox 953 3460 1010 3523; x_wconf 87' lang='lat' dir='ltr'>filii</span> <span class='ocrx_word' id='word_1_201' title='bbox 1034 3470 1067 3524; x_wconf 91' lang='lat' dir='ltr'>et</span> <span class='ocrx_word' id='word_1_202' title='bbox 1090 3459 1220 3523; x_wconf 90' lang='lat' dir='ltr'>heredis</span> <span class='ocrx_word' id='word_1_203' title='bbox 1236 3461 1399 3543; x_wconf 89' lang='lat' dir='ltr'>Johannis</span> <span class='ocrx_word' id='word_1_204' title='bbox 1415 3461 1458 3526; x_wconf 92' lang='lat' dir='ltr'>de</span> 
     </span>
     <span class='ocr_line' id='line_1_29' title="bbox 199 3563 1455 3647; baseline 0.002 -22"><span class='ocrx_word' id='word_1_205' title='bbox 199 3563 354 3647; x_wconf 88' lang='lat' dir='ltr'>Halyahc</span> <span class='ocrx_word' id='word_1_206' title='bbox 375 3574 409 3627; x_wconf 88' lang='lat' dir='ltr'>et</span> <span class='ocrx_word' id='word_1_207' title='bbox 431 3575 516 3628; x_wconf 91' lang='lat' dir='ltr'>terre</span> <span class='ocrx_word' id='word_1_208' title='bbox 539 3565 642 3647; x_wconf 91' lang='lat' dir='ltr'>ipsius</span> <span class='ocrx_word' id='word_1_209' title='bbox 658 3566 822 3647; x_wconf 90' lang='lat' dir='ltr'>Johannis</span> <span class='ocrx_word' id='word_1_210' title='bbox 837 3584 939 3647; x_wconf 89' lang='lat' dir='ltr'>quarn</span> <span class='ocrx_word' id='word_1_211' title='bbox 956 3565 999 3628; x_wconf 90' lang='lat' dir='ltr'>de</span> <span class='ocrx_word' id='word_1_212' title='bbox 1018 3565 1114 3627; x_wconf 90' lang='lat' dir='ltr'>nobis</span> <span class='ocrx_word' id='word_1_213' title='bbox 1133 3565 1241 3627; x_wconf 90' lang='lat' dir='ltr'>tenuit</span> <span class='ocrx_word' id='word_1_214' title='bbox 1257 3566 1289 3627; x_wconf 91' lang='lat' dir='ltr'>in</span> <span class='ocrx_word' id='word_1_215' title='bbox 1312 3564 1455 3627; x_wconf 87' lang='lat' dir='ltr'>Haliach</span> 
     </span>
     <span class='ocr_line' id='line_1_30' title="bbox 195 3667 1456 3750; baseline 0.002 -21"><span class='ocrx_word' id='word_1_216' title='bbox 195 3688 270 3729; x_wconf 88' lang='lat' dir='ltr'>cnm</span> <span class='ocrx_word' id='word_1_217' title='bbox 295 3667 513 3750; x_wconf 87' lang='lat' dir='ltr'>pertinentiis,</span> <span class='ocrx_word' id='word_1_218' title='bbox 537 3669 628 3731; x_wconf 90' lang='lat' dir='ltr'>salva</span> <span class='ocrx_word' id='word_1_219' title='bbox 650 3668 731 3731; x_wconf 91' lang='lat' dir='ltr'>dote</span> <span class='ocrx_word' id='word_1_220' title='bbox 754 3670 870 3731; x_wconf 87' lang='lat' dir='ltr'>uxoris</span> <span class='ocrx_word' id='word_1_221' title='bbox 892 3688 952 3731; x_wconf 88' lang='lat' dir='ltr'>sue</span> <span class='ocrx_word' id='word_1_222' title='bbox 974 3667 1134 3750; x_wconf 84' lang='lat' dir='ltr'>quamdiu</span> <span class='ocrx_word' id='word_1_223' title='bbox 1158 3668 1280 3731; x_wconf 89' lang='lat' dir='ltr'>vixerit</span> <span class='ocrx_word' id='word_1_224' title='bbox 1303 3677 1337 3731; x_wconf 92' lang='lat' dir='ltr'>et</span> <span class='ocrx_word' id='word_1_225' title='bbox 1364 3667 1456 3731; x_wconf 87' lang='lat' dir='ltr'>salvo</span> 
     </span>
     <span class='ocr_line' id='line_1_31' title="bbox 194 3771 1454 3854; baseline 0.002 -21"><span class='ocrx_word' id='word_1_226' title='bbox 194 3772 332 3834; x_wconf 89' lang='lat' dir='ltr'>servicio</span> <span class='ocrx_word' id='word_1_227' title='bbox 353 3782 477 3835; x_wconf 86' lang='lat' dir='ltr'>nostro,</span> <span class='ocrx_word' id='word_1_228' title='bbox 523 3773 758 3836; x_wconf 87' lang='lat' dir='ltr'>Concessimus</span> <span class='ocrx_word' id='word_1_229' title='bbox 777 3773 879 3835; x_wconf 88' lang='lat' dir='ltr'>etiam</span> <span class='ocrx_word' id='word_1_230' title='bbox 902 3772 1053 3854; x_wconf 89' lang='lat' dir='ltr'>predicto</span> <span class='ocrx_word' id='word_1_231' title='bbox 1073 3771 1222 3835; x_wconf 88' lang='lat' dir='ltr'>Roberto</span> <span class='ocrx_word' id='word_1_232' title='bbox 1244 3773 1454 3854; x_wconf 85' lang='lat' dir='ltr'>maritagium</span> 
     </span>
     <span class='ocr_line' id='line_1_32' title="bbox 194 3874 1456 3959; baseline 0.001 -23"><span class='ocrx_word' id='word_1_233' title='bbox 194 3874 297 3957; x_wconf 86' lang='lat' dir='ltr'>ipsius</span> <span class='ocrx_word' id='word_1_234' title='bbox 320 3874 491 3951; x_wconf 88' lang='lat' dir='ltr'>Willelmi,</span> <span class='ocrx_word' id='word_1_235' title='bbox 515 3875 570 3938; x_wconf 91' lang='lat' dir='ltr'>ubi</span> <span class='ocrx_word' id='word_1_236' title='bbox 594 3896 661 3939; x_wconf 92' lang='lat' dir='ltr'>non</span> <span class='ocrx_word' id='word_1_237' title='bbox 684 3876 935 3959; x_wconf 87' lang='lat' dir='ltr'>disparagietur.</span> <span class='ocrx_word' id='word_1_238' title='bbox 983 3876 1028 3938; x_wconf 87' lang='lat' dir='ltr'>Et</span> <span class='ocrx_word' id='word_1_239' title='bbox 1051 3877 1083 3939; x_wconf 90' lang='lat' dir='ltr'>in</span> <span class='ocrx_word' id='word_1_240' title='bbox 1108 3876 1194 3957; x_wconf 92' lang='lat' dir='ltr'>[etc.‚</span> <span class='ocrx_word' id='word_1_241' title='bbox 1209 3876 1370 3958; x_wconf 86' lang='lat' dir='ltr'>sealing];</span> <span class='ocrx_word' id='word_1_242' title='bbox 1393 3877 1456 3939; x_wconf 92' lang='lat' dir='ltr'>hiis</span> 
     </span>
     <span class='ocr_line' id='line_1_33' title="bbox 194 3979 1455 4061; baseline 0.002 -19"><span class='ocrx_word' id='word_1_243' title='bbox 194 3980 344 4055; x_wconf 70' lang='lat' dir='ltr'>testibus</span> <span class='ocrx_word' id='word_1_244' title='bbox 375 3980 476 4043; x_wconf 88' lang='lat' dir='ltr'>Petro</span> <span class='ocrx_word' id='word_1_245' title='bbox 504 3980 547 4043; x_wconf 90' lang='lat' dir='ltr'>de</span> <span class='ocrx_word' id='word_1_246' title='bbox 579 3981 753 4057; x_wconf 89' lang='lat' dir='ltr'>Bathonia,</span> <span class='ocrx_word' id='word_1_247' title='bbox 784 3980 955 4043; x_wconf 88' lang='lat' dir='ltr'>Willelmo</span> <span class='ocrx_word' id='word_1_248' title='bbox 985 3981 1160 4061; x_wconf 88' lang='lat' dir='ltr'>capellano</span> <span class='ocrx_word' id='word_1_249' title='bbox 1191 3979 1234 4044; x_wconf 92' lang='lat' dir='ltr'>de</span> <span class='ocrx_word' id='word_1_250' title='bbox 1265 3980 1455 4057; x_wconf 87' lang='lat' dir='ltr'>Lidintone,</span> 
     </span>
     <span class='ocr_line' id='line_1_34' title="bbox 195 4082 1455 4165; baseline 0.001 -19"><span class='ocrx_word' id='word_1_251' title='bbox 195 4082 344 4147; x_wconf 85' lang='lat' dir='ltr'>Roberto</span> <span class='ocrx_word' id='word_1_252' title='bbox 370 4084 414 4147; x_wconf 87' lang='lat' dir='ltr'>de</span> <span class='ocrx_word' id='word_1_253' title='bbox 445 4084 646 4161; x_wconf 89' lang='lat' dir='ltr'>Brinchirst&#39;,</span> <span class='ocrx_word' id='word_1_254' title='bbox 670 4084 839 4147; x_wconf 90' lang='lat' dir='ltr'>Willelmo</span> <span class='ocrx_word' id='word_1_255' title='bbox 862 4083 931 4147; x_wconf 87' lang='lat' dir='ltr'>lilio</span> <span class='ocrx_word' id='word_1_256' title='bbox 958 4084 1038 4164; x_wconf 90' lang='lat' dir='ltr'>ejus,</span> <span class='ocrx_word' id='word_1_257' title='bbox 1064 4083 1211 4165; x_wconf 88' lang='lat' dir='ltr'>Hugone</span> <span class='ocrx_word' id='word_1_258' title='bbox 1234 4084 1277 4148; x_wconf 91' lang='lat' dir='ltr'>de</span> <span class='ocrx_word' id='word_1_259' title='bbox 1302 4084 1455 4161; x_wconf 90' lang='lat' dir='ltr'>Haliach,</span> 
     </span>
     <span class='ocr_line' id='line_1_35' title="bbox 195 4186 1454 4268; baseline -0.001 -18"><span class='ocrx_word' id='word_1_260' title='bbox 195 4186 343 4250; x_wconf 88' lang='lat' dir='ltr'>Roberto</span> <span class='ocrx_word' id='word_1_261' title='bbox 374 4186 443 4249; x_wconf 85' lang='lat' dir='ltr'>filio</span> <span class='ocrx_word' id='word_1_262' title='bbox 481 4188 641 4251; x_wconf 90' lang='lat' dir='ltr'>Willelmi</span> <span class='ocrx_word' id='word_1_263' title='bbox 679 4187 722 4251; x_wconf 91' lang='lat' dir='ltr'>de</span> <span class='ocrx_word' id='word_1_264' title='bbox 762 4187 990 4259; x_wconf 88' lang='lat' dir='ltr'>Meldeburnc,</span> <span class='ocrx_word' id='word_1_265' title='bbox 1031 4186 1199 4249; x_wconf 90' lang='lat' dir='ltr'>Willelmo</span> <span class='ocrx_word' id='word_1_266' title='bbox 1236 4187 1336 4251; x_wconf 87' lang='lat' dir='ltr'>fratre</span> <span class='ocrx_word' id='word_1_267' title='bbox 1373 4186 1454 4268; x_wconf 89' lang='lat' dir='ltr'>ejus,</span> 
     </span>
     <span class='ocr_line' id='line_1_36' title="bbox 194 4289 1453 4373; baseline 0 -20"><span class='ocrx_word' id='word_1_268' title='bbox 194 4290 364 4355; x_wconf 90' lang='lat' dir='ltr'>Willelmo</span> <span class='ocrx_word' id='word_1_269' title='bbox 379 4291 448 4354; x_wconf 86' lang='lat' dir='ltr'>lilio</span> <span class='ocrx_word' id='word_1_270' title='bbox 469 4293 618 4369; x_wconf 90' lang='lat' dir='ltr'>Roberti,</span> <span class='ocrx_word' id='word_1_271' title='bbox 636 4293 786 4356; x_wconf 90' lang='lat' dir='ltr'>Roberto</span> <span class='ocrx_word' id='word_1_272' title='bbox 806 4292 836 4355; x_wconf 90' lang='lat' dir='ltr'>le</span> <span class='ocrx_word' id='word_1_273' title='bbox 857 4290 1017 4373; x_wconf 87' lang='lat' dir='ltr'>Saus[er]‚</span> <span class='ocrx_word' id='word_1_274' title='bbox 1035 4289 1180 4353; x_wconf 90' lang='lat' dir='ltr'>Ricardo</span> <span class='ocrx_word' id='word_1_275' title='bbox 1201 4290 1268 4353; x_wconf 88' lang='lat' dir='ltr'>filio</span> <span class='ocrx_word' id='word_1_276' title='bbox 1285 4291 1453 4367; x_wconf 92' lang='lat' dir='ltr'>Willelmi,</span> 
     </span>
     <span class='ocr_line' id='line_1_37' title="bbox 193 4394 1452 4476; baseline 0 -17"><span class='ocrx_word' id='word_1_277' title='bbox 193 4394 378 4459; x_wconf 69' lang='lat' dir='ltr'>laurencio</span> <span class='ocrx_word' id='word_1_278' title='bbox 398 4396 517 4459; x_wconf 88' lang='lat' dir='ltr'>clerico</span> <span class='ocrx_word' id='word_1_279' title='bbox 537 4408 571 4461; x_wconf 92' lang='lat' dir='ltr'>et</span> <span class='ocrx_word' id='word_1_280' title='bbox 591 4397 672 4460; x_wconf 90' lang='lat' dir='ltr'>aliis.</span> <span class='ocrx_word' id='word_1_281' title='bbox 724 4398 814 4459; x_wconf 89' lang='lat' dir='ltr'>Data</span> <span class='ocrx_word' id='word_1_282' title='bbox 834 4416 893 4476; x_wconf 88' lang='lat' dir='ltr'>per</span> <span class='ocrx_word' id='word_1_283' title='bbox 913 4415 1048 4458; x_wconf 91' lang='lat' dir='ltr'>manum</span> <span class='ocrx_word' id='word_1_284' title='bbox 1066 4394 1198 4459; x_wconf 88' lang='lat' dir='ltr'>Thome</span> <span class='ocrx_word' id='word_1_285' title='bbox 1213 4394 1255 4457; x_wconf 91' lang='lat' dir='ltr'>de</span> <span class='ocrx_word' id='word_1_286' title='bbox 1276 4394 1452 4459; x_wconf 87' lang='lat' dir='ltr'>Fiskerton</span> 
     </span>
     <span class='ocr_line' id='line_1_38' title="bbox 191 4498 1449 4581; baseline 0 -20"><span class='ocrx_word' id='word_1_287' title='bbox 191 4499 364 4581; x_wconf 86' lang='lat' dir='ltr'>capellani,</span> <span class='ocrx_word' id='word_1_288' title='bbox 398 4501 550 4562; x_wconf 89' lang='lat' dir='ltr'>canonici</span> <span class='ocrx_word' id='word_1_289' title='bbox 592 4501 844 4573; x_wconf 90' lang='lat' dir='ltr'>Lincolniensis,</span> <span class='ocrx_word' id='word_1_290' title='bbox 884 4498 974 4581; x_wconf 90' lang='lat' dir='ltr'>apud</span> <span class='ocrx_word' id='word_1_291' title='bbox 1009 4498 1198 4575; x_wconf 90' lang='lat' dir='ltr'>Lidintone,</span> <span class='ocrx_word' id='word_1_292' title='bbox 1231 4498 1252 4560; x_wconf 92' lang='lat' dir='ltr'>ii</span> <span class='ocrx_word' id='word_1_293' title='bbox 1289 4498 1449 4561; x_wconf 88' lang='lat' dir='ltr'>kalendas</span> 
     </span>
     <span class='ocr_line' id='line_1_39' title="bbox 193 4602 858 4686; baseline -0.002 -21"><span class='ocrx_word' id='word_1_294' title='bbox 193 4602 326 4682; x_wconf 86' lang='lat' dir='ltr'>Aprilis,</span> <span class='ocrx_word' id='word_1_295' title='bbox 343 4603 560 4686; x_wconf 86' lang='lat' dir='ltr'>pontificatus</span> <span class='ocrx_word' id='word_1_296' title='bbox 576 4606 680 4667; x_wconf 89' lang='lat' dir='ltr'>nostri</span> <span class='ocrx_word' id='word_1_297' title='bbox 696 4624 786 4667; x_wconf 90' lang='lat' dir='ltr'>anno</span> <span class='ocrx_word' id='word_1_298' title='bbox 801 4604 858 4665; x_wconf 90' lang='lat' dir='ltr'>xii.</span> 
     </span>
    </p>
   </div>
   <div class='ocr_carea' id='block_1_6' title="bbox 191 4852 1450 5005">
    <p class='ocr_par' dir='ltr' id='par_1_8' title="bbox 191 4852 1450 5005">
     <span class='ocr_line' id='line_1_40' title="bbox 191 4852 1450 4923; baseline 0.002 -20"><span class='ocrx_word' id='word_1_299' title='bbox 191 4852 226 4913; x_wconf 85' lang='grc' dir='ltr'>[Α</span> <span class='ocrx_word' id='word_1_300' title='bbox 239 4852 396 4907; x_wconf 76' lang='lat' dir='ltr'>relamu&#39;on</span> <span class='ocrx_word' id='word_1_301' title='bbox 408 4853 444 4921; x_wconf 87' lang='lat' dir='ltr'>os</span> <span class='ocrx_word' id='word_1_302' title='bbox 456 4870 489 4904; x_wconf 83' lang='lat' dir='ltr'>ro</span> <span class='ocrx_word' id='word_1_303' title='bbox 499 4852 568 4923; x_wconf 80' lang='lat' dir='ltr'>days</span> <span class='ocrx_word' id='word_1_304' title='bbox 578 4856 741 4923; x_wconf 74' lang='lat' dir='ltr'>‹rJ&#39;pcnance</span> <span class='ocrx_word' id='word_1_305' title='bbox 752 4858 779 4907; x_wconf 82' lang='lat' dir='ltr'>to</span> <span class='ocrx_word' id='word_1_306' title='bbox 789 4854 833 4905; x_wconf 88' lang='lat' dir='ltr'>all</span> <span class='ocrx_word' id='word_1_307' title='bbox 841 4854 984 4907; x_wconf 78' lang='lat' dir='ltr'>travellm·</span> <span class='ocrx_word' id='word_1_308' title='bbox 995 4852 1060 4905; x_wconf 68' lang='lat' dir='ltr'>who</span> <span class='ocrx_word' id='word_1_309' title='bbox 1073 4854 1142 4920; x_wconf 81' lang='lat' dir='ltr'>give</span> <span class='ocrx_word' id='word_1_310' title='bbox 1157 4852 1289 4919; x_wconf 83' lang='lat' dir='ltr'>almssor</span> <span class='ocrx_word' id='word_1_311' title='bbox 1297 4852 1342 4905; x_wconf 77' lang='lat' dir='ltr'>tlte</span> <span class='ocrx_word' id='word_1_312' title='bbox 1354 4855 1450 4921; x_wconf 78' lang='lat' dir='ltr'>repar&#39;r</span> 
     </span>
     <span class='ocr_line' id='line_1_41' title="bbox 251 4934 811 5005; baseline 0 -18"><span class='ocrx_word' id='word_1_313' title='bbox 251 4936 287 5001; x_wconf 88' lang='lat' dir='ltr'>os</span> <span class='ocrx_word' id='word_1_314' title='bbox 301 4934 811 5005; x_wconf 73' lang='lat' dir='ltr'>Wanssordbn‘dge;suly30,1221.]</span> 
     </span>
    </p>
   </div>
   <div class='ocr_carea' id='block_1_7' title="bbox 252 5037 1445 5197">
    <p class='ocr_par' dir='ltr' id='par_1_9' title="bbox 252 5037 1445 5197">
     <span class='ocr_line' id='line_1_42' title="bbox 252 5037 1445 5118; baseline -0.001 -16"><span class='ocrx_word' id='word_1_315' title='bbox 252 5037 405 5103; x_wconf 69' lang='lat' dir='ltr'>&#39;Canna</span> <span class='ocrx_word' id='word_1_316' title='bbox 439 5050 572 5105; x_wconf 71' lang='lat' dir='ltr'>cousus</span> <span class='ocrx_word' id='word_1_317' title='bbox 612 5054 660 5102; x_wconf 80' lang='lat' dir='ltr'>nn</span> <span class='ocrx_word' id='word_1_318' title='bbox 699 5038 1094 5106; x_wconf 68' lang='lat' dir='ltr'>Waauasroana--H</span> <span class='ocrx_word' id='word_1_319' title='bbox 1128 5038 1190 5099; x_wconf 83' lang='lat' dir='ltr'>Dei</span> <span class='ocrx_word' id='word_1_320' title='bbox 1229 5038 1335 5118; x_wconf 79' lang='lat' dir='ltr'>gratia</span> <span class='ocrx_word' id='word_1_321' title='bbox 1369 5038 1445 5101; x_wconf 84' lang='lat' dir='ltr'>Lin-</span> 
     </span>
     <span class='ocr_line' id='line_1_43' title="bbox 1334 5158 1380 5197; baseline 0.065 -3"><span class='ocrx_word' id='word_1_322' title='bbox 1334 5158 1380 5197; x_wconf 85' lang='lat'>02</span> 
     </span>
    </p>
   </div>
   <div class='ocr_carea' id='block_1_8' title="bbox 0 0 1810 5642">
    <p class='ocr_par' dir='ltr' id='par_1_10' title="bbox 0 0 1810 5642">
     <span class='ocr_line' id='line_1_44' title="bbox 0 0 1810 5642; baseline 0 1"><span class='ocrx_word' id='word_1_323' title='bbox 0 0 1810 5642; x_wconf 95' lang='lat' dir='ltr'> </span> 
     </span>
    </p>
   </div>
  </div>
 </body>
</html>
