3609 5642
275 459 297 530 8
620 456 755 529 Rolulz'
771 456 948 552 Hugonz's
966 455 1009 539 de
1035 455 1168 528 Welles

274 698 412 762 ecclesie
443 698 528 761 inter
553 696 750 761 Gausridum
778 697 946 759 Marmiun
977 695 1213 759 desortiantem
1243 705 1278 759 et
1309 695 1455 759 Priorem
1486 695 1529 758 de

277 800 489 884 Coventr[ia]
544 811 723 883 petentem,
766 802 822 882 qui
869 810 946 882 post
992 809 1129 882 tempus
1174 808 1357 863 semenstre
1402 798 1528 862 dictum

277 914 488 988 patronatum
521 905 553 967 in
584 905 676 967 curia
702 903 832 972 ¹domini
864 903 968 986 Regis
998 914 1114 966 contra
1146 902 1310 985 prefatum
1342 901 1528 967 Galsridum

279 1009 445 1072 Marmiun
476 1008 584 1084 evicit,
611 1019 644 1070 et
672 1028 770 1090 super
795 1007 857 1070 hoc
885 1007 1023 1070 domino
1052 1007 1221 1090 Episcopo
1251 1006 1377 1069 litteras
1402 1005 1528 1069 domini

278 1112 380 1194 Regis
403 1111 530 1176 detulit.

276 1329 412 1398 [Amirew
428 1329 461 1382 de
473 1330 598 1393 Limone,
612 1329 689 1390 clcrk.
703 1329 821 1382 collated
834 1329 867 1396 by
878 1329 924 1381 tlte
935 1328 1042 1396 Bishop
1053 1329 1087 1395 by
1098 1328 1143 1381 the
1153 1328 1294 1395 authority
1305 1327 1342 1395 of
1347 1328 1393 1380 the
1407 1325 1530 1386 Couna‘l,

340 1413 366 1464 is
376 1411 523 1464 instituted
524 1416 632 1480 parson
644 1412 680 1479 of
687 1411 880 1479 Duckle'ngton
887 1428 901 1473 ,·
918 1411 953 1463 lte
963 1411 988 1462 is
1000 1416 1027 1462 to
1037 1410 1135 1463 attend
1142 1410 1188 1463 the
1198 1409 1324 1478 schoah]

294 1549 297 1556 ⁴
365 1555 863 1621 DUKELINTONE.-Andreas
889 1555 931 1618 de
960 1555 1113 1632 Lintone,
1132 1555 1278 1630 clericus,
1298 1555 1350 1618 cui
1374 1554 1530 1617 dominus

278 1644 466 1745 Episcopus
485 1663 682 1724 auctoritate
707 1661 845 1724 Concilii
865 1659 1007 1722 contulit
1030 1660 1205 1722 ecclesiam
1227 1659 1270 1723 de
1294 1658 1531 1735 Dukelintone‚

275 1767 369 1830 salvo
383 1768 418 1832 in
436 1777 604 1848 posterum
620 1765 693 1846 jure
709 1765 977 1846 uniuscujusque,
992 1774 1064 1840 etc,
1079 1765 1245 1828 admissus
1260 1773 1312 1828 est
1330 1772 1365 1827 et
1388 1783 1531 1845 persona

277 1871 457 1945 institutus,
474 1871 525 1933 cui
543 1869 728 1950 injunctum
747 1869 808 1932 sub
827 1869 942 1933 debito
966 1870 1094 1952 prestiti
1110 1869 1289 1950 juramenti
1310 1867 1400 1950 quod
1424 1867 1531 1930 scolas

276 1986 450 2040 exerceat:
484 1975 630 2056 alioquin
661 1974 818 2038 dominus
847 1975 1037 2057 Episcopus
1062 1975 1171 2057 ipsum
1204 1975 1354 2057 privavit,
1378 1983 1439 2036 etc.
1487 1971 1532 2035 Et

277 2079 474 2144 mandatum
490 2090 542 2144 est
559 2079 807 2143 Archidiacono
824 2079 939 2156 Oxon,
954 2089 1015 2143 etc.

275 2290 388 2360 [Robert
395 2289 430 2342 de
446 2288 610 2357 Wchesord.
623 2288 731 2356 acolyte,
740 2289 889 2356 presented
898 2289 931 2357 by
943 2289 1038 2357 Roger
1047 2288 1183 2356 Pappard
1194 2289 1220 2339 is
1231 2287 1378 2340 tmtituted
1381 2291 1490 2355 parson
1501 2284 1537 2354 os

341 2371 476 2440 Haseley,·
492 2372 525 2424 he
537 2372 561 2424 is
573 2377 599 2424 to
611 2371 640 2424 be
650 2371 787 2424 ordar'md
794 2371 956 2426 sub-dcacon
968 2377 999 2423 at
1009 2371 1055 2423 tlte
1066 2375 1133 2423 next
1141 2369 1320 2438 ordination]

366 2502 766 2568 HASELLE.-Robertus
803 2501 846 2566 de
883 2501 1107 2578 Wicheforde‚
1136 2502 1285 2578 acolitus,
1324 2510 1532 2584 presentatus

275 2628 334 2691 per
360 2607 529 2688 Rogerum
556 2605 700 2689 Pippard
732 2605 774 2668 ad
804 2606 979 2668 ecclesiam
1007 2604 1050 2667 de
1083 2604 1227 2681 Heselle,
1252 2605 1339 2667 facta
1367 2605 1456 2687 prius
1483 2605 1532 2666 in-

275 2711 454 2793 quisitione
473 2731 532 2792 per
556 2709 607 2785 A„
624 2709 906 2772 Archidiaconum
931 2708 1053 2784 Oxon',
1070 2729 1129 2790 per
1151 2729 1262 2790 quam,
1280 2718 1351 2784 etc,
1367 2708 1532 2772 admissus

275 2826 327 2879 est
356 2825 390 2878 et
421 2835 562 2897 persona
601 2815 780 2889 institutus
811 2813 903 2876 salva
935 2813 1105 2876 Willelmo
1136 2812 1178 2876 de
1210 2814 1344 2876 Niwent
1371 2824 1532 2897 perpetua

277 2919 397 2982 vicaria
413 2940 473 2981 sua
489 2938 590 3000 quam
610 2917 711 2980 habet
735 2918 768 2980 in
792 2917 1002 2998 eademque
1025 2917 1196 2998 assignata
1217 2927 1268 2980 est
1292 2918 1325 2980 in
1349 2917 1457 2979 rotulo
1475 2916 1531 2979 viii

277 3023 365 3099 anni,
380 3032 415 3086 et
430 3021 616 3103 injunctum
633 3030 685 3084 est
700 3021 791 3084 dicto
817 3021 966 3084 Roberto
990 3031 1026 3084 ut
1049 3020 1091 3083 ad
1116 3021 1289 3102 proximos
1305 3020 1438 3083 ordines
1454 3030 1532 3102 post

278 3125 464 3189 Pentecost'
487 3127 607 3202 veniat,
630 3125 663 3188 in
689 3124 931 3187 subdiaconum
953 3124 1179 3201 ordinandus;
1202 3133 1236 3187 et
1260 3124 1457 3188 mandatum
1481 3134 1532 3187 est

278 3228 525 3293 Archidiacono
542 3228 655 3304 Oxon,
670 3239 731 3292 etc.
779 3227 1048 3311 Subd[iac0nus]
1069 3227 1139 3291 est¹

277 3461 367 3531 [Καὶ]ν
379 3461 435 3514 late
453 3461 563 3529 Official
578 3462 613 3529 os
624 3463 669 3515 tlte
681 3461 859 3515 Archdearon
876 3463 912 3531 of
920 3462 1036 3530 an'ord,
1050 3462 1199 3530 presented
1212 3462 1245 3530 by
1261 3463 1306 3515 tlte
1317 3463 1476 3529 proctorof
1487 3461 1533 3516 tlte

342 3545 425 3598 horare
436 3544 517 3612 ofSt.
534 3545 654 3598 Thomas
665 3546 700 3612 os
707 3544 799 3607 Amr,
813 3546 837 3597 is
848 3545 996 3598 imtituted
998 3549 1106 3613 parson
1118 3544 1154 3612 os
1160 3545 1327 3612 Sannum]

365 3679 835 3757 summoue-nadulfus,
874 3681 1044 3762 quondam
1094 3681 1256 3746 Officialis
1295 3681 1532 3745 Archidiaconi

278 3785 400 3863 Oxon',
431 3794 641 3868 presentatus
669 3806 727 3867 per
758 3784 891 3848 fratrem
917 3783 1112 3866 Jordanum,
1140 3796 1387 3869 procuratorem
1412 3785 1533 3849 domus

279 3889 383 3952 sancti
401 3889 533 3952 Thome
550 3889 691 3952 martiris
707 3888 750 3952 de
773 3887 881 3966 Acon,
897 3888 940 3952 ad
963 3890 1137 3952 ecclesiam
1154 3889 1197 3952 de
1214 3889 1422 3966 Sumertone‚
1438 3890 1533 3971 cujus

278 3993 537 4057 advocacionem
576 3991 741 4055 Robertus
773 3993 870 4055 Arsic
901 3992 990 4056 dicte
1019 3993 1133 4056 domui
1165 3992 1258 4057 dedit
1295 4005 1330 4058 et
1359 3995 1533 4069 concessit,

278 4096 444 4160 admissus
460 4105 560 4159 estet
576 4096 610 4157 in
626 4116 666 4158 ea
682 4097 840 4159 canonice
860 4116 1002 4178 persona
1026 4097 1206 4175 institutus,
1222 4098 1314 4161 salvo
1329 4096 1401 4178 jure
1416 4097 1531 4160 domui

278 4199 321 4262 de
346 4197 500 4276 Medleia,
522 4200 550 4261 si
578 4201 761 4281 contigeret
787 4199 877 4283 quod
903 4198 946 4263 de
972 4221 1136 4264 consensu
1164 4201 1290 4265 domini
1316 4202 1474 4285 Episcopi
1498 4215 1532 4265 et

279 4301 415 4383 capituli
443 4301 758 4386 Linc[olniensium]
784 4314 817 4366 et
843 4302 989 4366 Abbatis
1015 4314 1049 4366 et
1072 4314 1256 4367 conventus
1286 4304 1329 4368 de
1353 4304 1533 4382 Eiskann0,

280 4405 425 4468 matricis
441 4405 579 4468 ecclesie
595 4406 667 4484 loci,
684 4407 860 4483 fundetur;
884 4409 936 4470 cui
953 4406 1067 4471 domui
1084 4408 1126 4472 de
1145 4407 1291 4472 Medleia
1306 4408 1396 4472 dicta
1411 4409 1532 4472 domus

278 4508 322 4572 de
338 4508 434 4572 Acon
453 4509 495 4572 ad
512 4512 789 4574 sustentationem
807 4510 945 4574 fratrum
969 4511 1120 4593 ejusdem
1137 4513 1200 4575 loci
1215 4512 1339 4576 dictam
1355 4515 1529 4577 ecclesiam

279 4615 450 4677 concessit.
498 4615 542 4678 Et
559 4615 755 4678 mandatum
775 4627 825 4679 est
842 4616 1090 4680 Archidiacono
1107 4617 1229 4693 Oxon',
1244 4627 1305 4680 etc.

600 4816 798 4822 .-..--.-.-
827 4816 937 4822 --—--
962 4817 976 4821 --
1003 4817 1049 4822 -.-.
1074 4818 1181 4823 -.-.-
1215 4817 1529 4824 ...-.-.--.-..-.-

510 4925 514 4953 ¹
531 4924 591 4975 The
605 4925 656 4977 last
677 4933 732 4976 two
745 4926 837 4978 words
849 4943 895 4977 are
908 4927 1017 4977 written
1031 4927 1097 4978 with
1109 4927 1236 4978 different
1250 4926 1303 4978 ink.
