3609 5642
324 562 370 654 58
668 563 803 638 Rotnlz'
828 563 1005 661 Hugonis
1031 565 1075 637 de
1101 564 1234 638 Welles

319 812 432 866 autem
456 803 547 866 dicta
569 805 691 867 vicaria
713 805 746 867 in
774 805 929 868 omnibus
950 803 1207 869 obventionibus
1226 815 1260 868 et
1280 806 1417 870 minutis
1436 805 1576 869 decimis

319 907 362 970 ad
394 907 500 988 ipsam
532 908 707 971 ecclesiam
745 907 788 970 de
826 907 932 973 Stoke
970 909 1222 991 pertinentibus,
1252 911 1406 991 exceptis
1436 911 1575 974 minutis

318 1009 457 1073 decimis
484 1013 573 1073 curie
598 1013 745 1094 ipsorum
776 1013 1013 1075 canonicorum
1037 1013 1070 1075 in
1094 1013 1213 1077 eadem
1237 1012 1324 1090 villa,
1347 1024 1382 1078 et
1408 1015 1441 1077 in
1468 1015 1576 1078 omni-

318 1113 380 1176 bus
403 1113 542 1178 decimis
572 1114 750 1198 garbarum
781 1115 823 1178 de
848 1126 920 1178 tota
951 1126 1037 1178 terra
1060 1117 1307 1193 canonicorum,
1329 1127 1364 1180 et
1388 1119 1421 1180 in
1445 1127 1574 1200 septem

317 1219 401 1281 acris
439 1217 482 1281 de
522 1228 610 1282 terra
647 1219 794 1295 ecclesie,
831 1240 971 1301 quarum
1010 1230 1078 1282 tres
1114 1220 1228 1300 jacent
1270 1221 1372 1302 juxta
1417 1230 1574 1304 stagnum

316 1321 453 1398 domini,
478 1323 533 1386 ubi
565 1322 751 1406 cappellani
783 1321 935 1387 habitare
959 1323 1121 1399 solebant,
1145 1334 1179 1388 et
1206 1324 1272 1388 due
1300 1345 1375 1389 acre
1399 1323 1514 1406 jacent
1540 1325 1573 1387 in

317 1424 528 1508 Wur[res?],
551 1437 584 1490 et
614 1427 778 1512 dueacre
807 1427 921 1507 jacent
943 1428 976 1490 in
1003 1426 1218 1510 Appeltone3
1241 1439 1275 1492 et
1305 1438 1456 1511 preterea
1484 1428 1575 1492 dicta

315 1529 437 1593 vicaria
460 1531 612 1593 consistit
635 1531 668 1593 in
692 1539 764 1594 tota
787 1542 875 1595 terra
898 1532 1144 1607 canonicorum,
1167 1552 1243 1595 cum
1267 1532 1477 1614 pertinentiis
1496 1533 1574 1608 suiS,

315 1652 380 1714 que
401 1631 490 1714 jacet
514 1634 600 1697 inter
630 1633 836 1696 dominicum
864 1634 991 1708 domini
1014 1655 1128 1698 versus
1152 1635 1343 1716 aquilonam
1377 1646 1411 1699 et
1434 1656 1571 1700 moram.

317 1737 511 1800 Reservavit
534 1747 647 1800 autem
671 1737 732 1800 sibi
756 1737 913 1801 dominus
936 1747 1138 1820 potestatem
1162 1738 1339 1802 ordinandi
1363 1740 1405 1803 de
1429 1740 1574 1823 hospitio

314 1841 547 1917 archidiaconi,
564 1841 689 1904 scilicet
706 1850 816 1904 utrum
833 1840 973 1923 predicti
992 1841 1084 1903 Prior
1098 1850 1132 1904 et
1155 1854 1340 1906 conventus
1363 1843 1415 1907 vel
1432 1844 1573 1907 vicarius

313 1944 460 2009 debeant
476 1945 557 2009 illud
574 1966 756 2028 procurare.
806 1945 851 2008 Et
868 1945 1064 2008 mandatum
1080 1956 1132 2009 est
1147 1945 1238 2010 dicto
1255 1946 1408 2024 Officiali,
1423 1961 1485 2011 etc.

403 2050 523 2114 Postea
553 2048 719 2113 ordinavit
755 2049 913 2112 dominus
951 2049 1140 2132 Episcopus
1177 2050 1268 2132 quod
1306 2050 1386 2114 dicti
1418 2052 1510 2115 Prior
1539 2061 1574 2115 et

313 2154 464 2217 canonici
480 2154 666 2216 sustineant
683 2153 863 2235 hospitium
882 2152 1127 2217 Archidiaconi.

314 2340 425 2409 [Henry
435 2339 469 2392 de
479 2338 668 2409 Hoggeshale,
681 2337 820 2407 chaplain,
828 2338 977 2407 presented
991 2339 1024 2406 by
1035 2339 1080 2391 tlte
1097 2339 1231 2406 Hospital
1244 2340 1280 2408 os
1294 2341 1333 2394 St.
1345 2341 1426 2406 John
1443 2342 1480 2410 os
1489 2340 1574 2408 Jem-

378 2422 471 2484 salem,
484 2423 509 2473 is
520 2420 665 2474 instituted
674 2425 700 2473 to
713 2419 758 2472 tlte
769 2419 868 2473 churclz
881 2423 917 2489 of
923 2419 1097 2490 Addington,
1111 2421 1180 2474 wath
1193 2420 1239 2474 tlte
1249 2422 1316 2489 duty
1327 2424 1362 2490 of
1367 2423 1504 2476 restiterim
1514 2423 1576 2476 and

373 2503 509 2572 personat
514 2504 625 2556 service.
660 2501 752 2570 Ralph
763 2503 826 2556 and
840 2501 946 2562 Robert,
958 2518 1022 2554 sons
1033 2503 1069 2571 os
1074 2503 1211 2563 Beneard
1222 2519 1357 2557 renounce
1367 2505 1442 2557 their
1450 2503 1533 2558 claim
1545 2510 1573 2557 to

379 2584 609 2653 depatronage]

400 2684 859 2752 ADINGTONE.-Henricus
899 2684 943 2748 de
981 2685 1205 2768 Hoggeshale,
1243 2686 1468 2769 cappellanus,
1499 2708 1572 2770 pre-

312 2802 463 2856 sentatus
487 2812 545 2875 per
570 2791 717 2854 Priorem
741 2789 879 2868 fratrum
903 2789 1077 2872 hospitalis
1101 2791 1362 2872 Jerosolimitani
1387 2792 1420 2854 in
1445 2791 1572 2874 Anglia

313 2896 356 2960 ad
372 2896 545 2960 ecclesiam
563 2893 605 2958 de
623 2893 829 2977 Adingtone,
845 2892 934 2955 lacta
950 2895 1040 2975 prius
1064 2894 1278 2975 inquisitione
1294 2915 1353 2977 per
1370 2895 1570 2978 Magistrum

313 2998 588 3077 Th.,officia1em
614 2995 851 3060 Archidiaconi
877 2995 1222 3080 Bukingehamiensis,
1237 3008 1308 3074 etc,
1330 3007 1365 3061 et
1390 2997 1571 3082 Radulpho

312 3115 346 3169 et
370 3102 529 3179 Roberto,
552 3102 627 3165 filiis
653 3098 820 3177 Bernardi,
844 3101 1065 3183 appellacioni
1089 3122 1148 3164 sue
1171 3103 1261 3183 prius
1285 3101 1371 3165 facte
1395 3122 1455 3184 pro
1481 3102 1572 3167 dicte

312 3208 450 3272 ecclesie
475 3215 653 3289 patronatu
679 3225 737 3286 per
761 3204 888 3267 litteras
919 3225 996 3267 suas
1019 3215 1173 3288 patentes
1204 3206 1481 3283 renuntiantibus,
1513 3207 1570 3270 ad-

313 3313 433 3376 missus
449 3319 499 3373 est
515 3320 549 3372 et
565 3309 746 3383 institutus,
761 3327 837 3370 cum
861 3327 962 3371 onere
984 3308 1017 3370 in
1040 3308 1158 3371 eadem
1175 3309 1315 3372 ecclesia
1338 3308 1514 3387 residendi,
1536 3322 1572 3374 et

312 3417 422 3480 eidem
439 3416 472 3478 in
488 3413 598 3477 officio
614 3412 812 3476 sacerdotali
828 3411 1046 3475 deserviendi.
1093 3411 1138 3476 Et
1155 3411 1351 3475 mandatum
1367 3424 1428 3489 est,
1443 3425 1504 3478 etc.

312 3602 384 3672 [The
394 3601 496 3669 charge
506 3599 542 3668 os
548 3597 728 3651 Haversham
739 3596 840 3650 churctr
857 3597 882 3648 ts
897 3597 1040 3650 amend
1053 3600 1080 3649 to
1098 3595 1223 3649 Michael
1237 3598 1272 3650 de
1288 3598 1477 3663 Haversham,
1489 3599 1569 3660 clerk.

371 3681 519 3752 presented
534 3680 567 3749 by
583 3679 716 3733 Nicholas
732 3677 765 3730 de
782 3677 967 3740 Haversham,
986 3677 1095 3747 knight.
1133 3678 1191 3731 The
1207 3679 1309 3745 official
1322 3681 1348 3732 is
1367 3685 1394 3734 to
1411 3680 1506 3749 enjoin
1525 3681 1571 3735 the

375 3764 506 3832 ehaplar'n
516 3767 543 3816 to
555 3777 637 3814 worn
649 3761 710 3814 him
721 3767 748 3814 to
758 3761 891 3829 comesor
898 3761 1080 3828 institutebn]

400 3865 563 3930 Custodia
585 3865 723 3928 ecclesie
746 3864 789 3927 de
819 3863 1029 3926 Haversham
1058 3864 1237 3926 commissa
1260 3873 1313 3927 est
1335 3863 1389 3929 die
1414 3865 1569 3930 Mercurii

314 3971 469 4049 proxima
498 3979 578 4032 ante
609 3968 731 4031 festum
763 3967 869 4030 sancti
903 3966 1046 4029 Dionisii
1086 3967 1243 4038 Michaeli
1273 3967 1316 4030 de
1349 3967 1569 4045 Haversham,
1653 3952 1657 3958 ยน

313 4075 441 4149 cleric0,
457 4073 499 4136 ad
524 4093 598 4135 eam
623 4092 682 4154 per
706 4069 907 4133 Nicholaum
931 4069 974 4132 de
1004 4068 1213 4132 Haversham
1238 4080 1441 4151 presentat0,
1464 4094 1569 4156 usque

314 4180 402 4243 idem
422 4177 564 4240 Michael
582 4175 625 4238 ad
641 4175 816 4238 dominum
834 4173 1041 4255 Episcopum
1066 4174 1177 4237 venire
1194 4176 1299 4255 possit
1323 4176 1568 4242 institutionem

312 4301 407 4346 suam
424 4291 624 4363 recepturus.
672 4279 716 4342 Et
741 4276 937 4340 mandatum
961 4287 1012 4339 est
1030 4277 1194 4359 Magistro
1217 4277 1265 4354 ฮค.,
1281 4277 1425 4343 Officiali
1449 4280 1568 4346 Archi-

313 4384 444 4449 diaconi
473 4381 818 4464 Bukingehamiensis,
848 4390 909 4444 etc.
957 4381 1003 4442 Et
1028 4389 1145 4461 postea
1169 4380 1365 4444 mandatum
1395 4393 1448 4447 est
1477 4385 1568 4449 dicto

314 4487 457 4554 Officiali
475 4495 512 4548 ut
527 4484 681 4568 injungat
697 4483 881 4567 Capellano
903 4484 946 4547 de
972 4483 1182 4547 Haversham
1198 4485 1355 4565 quatinus
1379 4489 1568 4569 premuniat

315 4592 514 4656 Michaelem
553 4590 596 4653 de
636 4588 856 4665 Haversham,
893 4587 1059 4663 clericum,
1097 4597 1134 4651 ut
1163 4589 1275 4653 veniat
1311 4589 1354 4653 ad
1392 4590 1567 4656 dominum

315 4697 521 4778 Episcopum
545 4693 630 4755 inira
653 4693 846 4774 proximum
871 4691 992 4754 festum
1019 4691 1149 4753 Natalis
1174 4691 1311 4754 Domini
1328 4713 1417 4757 anno
1433 4697 1566 4777 pontili-

313 4812 408 4864 catus
421 4798 547 4861 domini
563 4797 721 4880 Episcopi
735 4793 995 4877 quartodecimo
1008 4795 1250 4857 institutionem
1263 4816 1358 4859 suam
1375 4810 1566 4881 recepturus

312 4903 460 4985 alioquin
487 4911 614 4963 extunc
639 4898 791 4962 custodia
818 4909 930 4960 careat
955 4896 1092 4959 ecclesie
1117 4897 1160 4959 de
1189 4897 1410 4964 Haversham.
1465 4902 1566 4985 [This

313 5018 406 5087 entry
422 5005 575 5068 ruscored
587 5003 727 5085 through
744 5023 782 5065 on
800 5002 853 5064 tlte
869 5000 953 5083 rolt]
