3609 5642
640 602 817 699 Episcopi
838 600 1123 675 Lincolniensis.
1439 624 1510 695 3²3

251 844 408 907 seisinam
425 862 520 906 suam
536 842 570 905 in
590 843 681 906 curia
701 843 805 925 ipsius
829 842 958 905 domini
980 842 1092 925 Regis,
1107 863 1219 906 coram
1233 841 1424 923 justiciariis
1440 841 1508 905 suis

251 946 341 1030 apud
358 947 705 1024 westmonasterium,
721 969 780 1031 per
799 946 1101 1011 considerationem
1123 944 1273 1028 ejusdem
1291 946 1380 1009 curie
1396 965 1510 1009 versus

253 1051 458 1115 Willelmum
484 1049 588 1114 filium
618 1051 787 1129 willelmi,
807 1050 850 1114 de
874 1050 1095 1115 advocatione
1121 1050 1259 1115 ecclesie
1275 1048 1318 1113 de
1340 1049 1508 1132 Appleby.

254 1155 339 1219 Item
367 1155 492 1237 recepit
515 1154 673 1217 dominus
699 1155 889 1238 Episcopus
913 1154 995 1218 alias
1020 1154 1146 1219 litteras
1172 1154 1279 1237 regias
1299 1154 1509 1217 continentes

252 1258 432 1343 quodcum
447 1259 634 1324 Willelmus
649 1258 692 1323 de
707 1260 847 1323 Vemun
863 1260 1088 1323 summonitus
1103 1268 1192 1323 esset
1208 1260 1241 1321 in
1258 1259 1348 1322 curia
1360 1258 1509 1341 predicta

251 1383 363 1427 coram
377 1362 568 1444 justiciariis
583 1362 709 1427 eisdem
722 1363 811 1447 apud
826 1363 1162 1427 Westmonasterium
1179 1361 1220 1426 ad
1239 1360 1507 1445 respondendum

251 1467 342 1531 dicto
358 1467 462 1531 Priori
477 1466 521 1531 de
540 1467 664 1550 placito
687 1487 790 1549 quare
814 1487 881 1531 non
902 1467 1051 1550 permisit
1072 1468 1182 1549 ipsum
1205 1467 1350 1531 Priorem
1375 1486 1508 1549 presen-

251 1581 322 1635 tare
342 1569 498 1635 idoneam
525 1592 702 1654 personam
726 1570 769 1635 ad
789 1571 965 1635 ecclesiam
985 1571 1028 1635 de
1052 1570 1222 1654 Appelby,
1237 1591 1302 1653 que
1321 1580 1418 1635 vacat
1438 1580 1509 1649 etc,

252 1673 341 1738 idem
358 1675 410 1738 W.
426 1676 517 1739 venit
533 1676 566 1738 in
582 1674 701 1739 eadem
717 1675 808 1739 curia
826 1686 860 1739 et
879 1675 1044 1739 concessit
1062 1675 1092 1738 ei
1109 1674 1391 1758 presentationem
1413 1694 1507 1737 suam

251 1777 293 1842 ad
309 1778 484 1842 ecclesiam
501 1777 696 1861 predictam,
710 1788 744 1842 et
765 1778 855 1862 quod
878 1778 1036 1842 dominus
1053 1778 1251 1860 Episcopus,
1268 1797 1335 1841 non
1351 1778 1509 1841 obstante

253 1882 488 1946 reclamatione
508 1882 742 1966 predictorum,
758 1881 914 1947 idoneam
936 1902 1113 1965 personam
1133 1881 1326 1946 admitteret
1347 1883 1390 1945 ad
1406 1881 1509 1945 eccle-

253 1987 337 2050 siam
354 1985 569 2051 antedictam.

252 2214 1516 2286 [WllomdeFulbec,modemcollatcdoyttcssishopjsinstitutedtotlrechurctof

317 2298 464 2367 Assordby.
497 2298 525 2350 A
543 2300 663 2366 pemron
685 2300 711 2351 is
731 2298 861 2353 rerer-ved
880 2303 908 2351 to
929 2297 975 2350 the
1004 2297 1198 2351 “Commune'’
1225 2298 1261 2365 os
1278 2296 1324 2350 clu
1351 2312 1452 2350 canons
1480 2298 1516 2364 of

318 2380 455 2445 Lr'rrcoan

341 2491 784 2557 ESFORDBv.—Willelmus
802 2491 845 2556 de
866 2492 1000 2568 Fulbec,
1020 2490 1254 2569 subdiaconus,
1273 2491 1326 2554 cui
1352 2490 1509 2554 dominus

256 2596 443 2679 Episcopus
454 2596 629 2659 ecclesiam
642 2594 685 2659 de
699 2596 888 2679 Esfordeby
898 2596 1050 2672 contulit,
1061 2595 1104 2658 ad
1117 2594 1259 2659 eandem
1276 2594 1442 2657 admissus
1458 2605 1508 2658 est

252 2712 286 2764 et
301 2702 334 2763 in
351 2721 391 2765 ea
407 2700 566 2763 canonice
581 2720 724 2783 persona
740 2700 920 2776 institutus,
932 2698 1032 2764 salvis
1043 2698 1120 2762 inde
1132 2696 1248 2762 decern
1263 2697 1381 2761 marcis
1391 2698 1511 2761 annuis

251 2804 420 2867 solvendis
438 2804 611 2887 Preposito
626 2824 806 2868 commune
819 2802 1064 2867 Lincolniensis
1082 2802 1231 2866 Ecclesie
1247 2802 1290 2865 ad
1306 2801 1421 2865 vinum
1437 2811 1510 2878 etc,

255 2918 353 2992 prout
368 2908 402 2972 in
419 2917 510 2971 carta
526 2908 654 2971 domini
670 2908 830 2991 Episcopi
846 2908 889 2971 H.
906 2906 1044 2971 secundi
1060 2916 1094 2970 et
1109 2907 1160 2969 sui
1175 2905 1312 2989 capituli
1329 2904 1407 2968 inde
1423 2904 1512 2968 facta

254 3013 451 3076 continetur.
498 3012 544 3076 Et
560 3010 757 3076 mandatum
776 3022 828 3075 est
844 3012 1025 3088 Willelm0,
1041 3011 1289 3075 Archidiacono
1306 3010 1512 3087 Leircestrie,

256 3126 293 3180 ut
308 3127 369 3181 etc.

254 3346 375 3411 [Walter
391 3346 426 3399 de
441 3344 611 3413 Annesorde,
629 3343 798 3407 ncbcieacon,
806 3344 955 3412 pitseum!
968 3343 1002 3408 br
1023 3343 1154 3407 Wlliam,
1168 3343 1299 3411 Pn'orof
1309 3343 1396 3406 Ware,
1408 3342 1510 3408 Hem,

312 3428 484 3497 proctorfor
492 3426 538 3479 tlte
548 3425 638 3478 Abbot
646 3426 707 3477 and
717 3425 844 3478 Conveni
852 3426 888 3493 os
894 3426 934 3479 St.
946 3425 1077 3486 Evroull,
1089 3426 1114 3477 is
1123 3424 1269 3478 instituted
1277 3430 1304 3477 to
1315 3426 1360 3478 the
1371 3424 1470 3478 chrcrclr
1481 3426 1518 3492 os

322 3509 436 3563 Carlton
450 3507 583 3576 Curlieu]

343 3610 802 3692 hammus-Magister
820 3609 989 3673 Walterus
1012 3608 1055 3672 de
1079 3606 1264 3686 Annesord,
1279 3608 1511 3685 subdiaconus,

256 3724 466 3798 presentatus
483 3734 541 3797 per
559 3712 778 3785 Willelmum,
795 3714 941 3777 Priorem
961 3711 1004 3776 de
1022 3712 1131 3790 Wara,
1146 3712 1336 3795 generalem
1356 3733 1510 3795 procura-

254 3830 360 3883 torem
378 3818 524 3881 Abbatis
538 3828 573 3881 et
589 3828 773 3881 conventus
798 3816 914 3881 Sancti
939 3815 1066 3881 Ebrulfi
1091 3817 1123 3879 in
1142 3816 1276 3900 Anglia‚
1293 3826 1509 3899 patronorum

254 3922 393 3986 ecclesie
402 3922 445 3985 de
458 3921 652 3999 Karletone,
663 3922 751 3986 facta
762 3923 852 4005 prius
863 3920 1078 4004 inquisitione
1088 3941 1146 4004 per
1157 3920 1217 3997 W,
1228 3920 1511 3985 Archidiaconum

256 4025 462 4102 Leircestrie,
477 4045 652 4109 perquam
668 4037 739 4102 etc,
755 4025 798 4089 ad
820 4025 963 4089 eandem
987 4024 1161 4089 ecclesiam
1178 4022 1343 4088 admissus
1358 4032 1410 4088 est
1425 4034 1460 4087 et
1476 4024 1509 4087 in

254 4150 295 4193 ea
317 4129 478 4192 canonice
502 4149 643 4211 persona
667 4128 847 4193 institutus.
894 4128 940 4193 Et
965 4127 1161 4192 mandatum
1188 4137 1240 4192 est
1258 4128 1368 4192 eidem
1395 4126 1512 4190 Archi-

255 4232 401 4296 diacono
416 4242 454 4295 ut
468 4241 529 4296 etc.

256 4451 362 4521 [Hugh
373 4452 407 4505 de
422 4452 636 4520 Wkr'ngestone,
643 4453 782 4522 chaplain,
789 4453 939 4522 presented
941 4453 975 4523 by
982 4453 1027 4507 the
1034 4454 1123 4506 About
1128 4452 1190 4505 and
1198 4453 1362 4521 Conventus
1373 4452 1512 4514 [trustem

320 4536 346 4587 is
355 4534 503 4587 instr'tuted
511 4534 635 4604 vicaros
646 4535 784 4603 Enderby.
822 4535 879 4589 Tlu
888 4536 1021 4605 vicarage
1031 4536 1056 4589 is
1066 4535 1223 4603 daromae]

344 4636 692 4721 ENDREBv.—Hugo
715 4636 759 4701 de
783 4637 1048 4719 Wikingestone,
1075 4636 1276 4721 capellanus,
1303 4646 1512 4720 presentatus

257 4761 316 4823 per
343 4740 514 4803 Abbatem
539 4750 574 4804 et
599 4750 802 4805 conventum
832 4740 1036 4819 Ieircestne,
1056 4741 1098 4805 ad
1125 4741 1280 4805 vicariam
1307 4740 1445 4805 ecclesie
1469 4740 1512 4803 de

258 4841 472 4925 Endredeby,
510 4842 598 4907 iacta
646 4844 738 4927 prius
774 4844 989 4927 inquisitione
1027 4864 1085 4928 per
1129 4844 1190 4921 W,
1228 4842 1510 4907 Archidiaconum

259 4946 448 5023 leicestrie,
465 4967 524 5028 per
547 4967 649 5028 quam
674 4958 746 5024 etc,
761 4947 803 5010 ad
827 4948 970 5011 eandem
994 4946 1159 5011 admissus
1182 4956 1233 5010 est
1256 4967 1331 5010 cum
1354 4967 1454 5010 onere
1478 4956 1512 5011 et

259 5069 346 5133 pena
372 5049 581 5113 vicariorum.
627 5050 791 5115 Consistit
815 5060 928 5113 autem
955 5052 1026 5133 ipsa
1050 5052 1173 5114 vicaria
1199 5050 1232 5113 in
1257 5059 1330 5113 toto
1351 5050 1513 5132 altaragio

1400 5172 1420 5211 Y
1432 5172 1447 5211 2
