3609 5642
333 570 405 636 260
676 560 812 633 Rotulz'
828 559 1005 655 Hugonis
1030 559 1074 631 de
1107 560 1238 632 Welles

1405 714 1585 721 .--.--...-

332 802 457 866 familia
473 821 533 864 sua
548 801 651 865 octies
668 821 726 883 per
741 819 867 862 annum
885 798 1057 861 matricem
1074 798 1250 862 ecclesiam
1267 792 1592 877 visitabunt,'divina

333 1010 429 1074 beate
458 1009 572 1086 Mane,
588 1010 642 1072 die
668 1008 803 1084 Pasche,
818 1008 874 1071 die
888 1007 1110 1071 dedicationis
1128 1006 1275 1083 ecclesie,
1290 1008 1345 1072 die
1366 1009 1591 1085 Ascensionis‚

331 1113 386 1177 die
403 1112 598 1188 Pentecost’,
613 1112 667 1175 die
684 1110 936 1192 Assumptionis
952 1110 1050 1174 beate
1068 1110 1174 1174 Marie
1189 1122 1223 1174 et
1235 1110 1290 1174 die
1306 1110 1469 1175 Omnium
1488 1113 1589 1178 Sanc-

331 1227 450 1294 torum,
471 1218 533 1281 nisi
558 1236 616 1299 per
639 1215 866 1278 infirmitatem
891 1214 943 1277 vel
967 1214 1051 1277 aeris
1076 1214 1308 1295 intemperiem
1337 1215 1389 1277 vel
1420 1216 1589 1299 hospitum

332 1342 528 1405 magnorum
561 1319 779 1383 reverentiam
811 1318 860 1379 vel
894 1317 993 1379 aliam
1032 1316 1265 1380 rationabilem
1303 1329 1337 1382 et
1377 1320 1586 1384 manifestam

331 1446 466 1489 causam
498 1425 619 1489 fuerint
651 1421 807 1505 predictis
837 1432 915 1484 octo
946 1420 1037 1483 iestis
1068 1420 1243 1503 impediti;
1267 1432 1301 1486 et
1332 1432 1412 1486 tunc
1442 1423 1485 1486 de
1519 1442 1589 1505 per-

331 1531 488 1593 missione
508 1540 542 1593 et
566 1529 699 1591 licentia
724 1527 859 1590 rectoris
885 1526 1025 1589 ecclesie
1051 1525 1168 1588 diebus
1197 1527 1260 1589 illis
1285 1528 1318 1589 in
1345 1527 1474 1610 capella
1500 1547 1588 1590 com-

329 1637 483 1718 pleantur
497 1633 611 1696 omnia
626 1632 696 1694 sive
719 1641 826 1693 rector
845 1630 999 1693 maluerit
1020 1650 1079 1711 per
1100 1631 1270 1712 proprium
1290 1631 1501 1713 capellanum
1522 1632 1589 1694 sive

328 1739 502 1823 perillum
526 1738 582 1819 qui
606 1738 639 1798 in
663 1734 790 1818 capella
814 1733 870 1797 illa
893 1734 1126 1809 constituitur;
1152 1735 1198 1798 ita
1221 1735 1375 1799 videlicet
1398 1734 1488 1818 quod
1520 1746 1588 1798 tam

327 1844 445 1907 diebus
467 1842 531 1905 illis
548 1861 649 1924 quam
677 1841 750 1902 aliis
777 1838 876 1902 liceat
904 1839 1022 1901 rectori
1043 1837 1182 1902 ecclesie
1206 1840 1233 1901 si
1258 1840 1402 1903 voluerit
1431 1860 1490 1922 per
1516 1859 1588 1922 pro-

330 1948 438 2030 prium
467 1946 622 2008 clericum
654 1944 825 2026 percipere
854 1962 894 2005 ea
925 1962 990 2023 que
1020 1941 1062 2004 ad
1094 1943 1257 2023 capellam
1290 1943 1500 2025 proveniunt,
1532 1962 1589 2025 per

332 2070 468 2113 manum
486 2048 590 2131 ipsius
605 2047 647 2110 ad
666 2047 837 2109 matricem
853 2044 1030 2107 ecclesiam
1046 2043 1236 2120 deserenda,
1252 2046 1302 2109 vel
1320 2046 1346 2107 si
1361 2045 1515 2109 maluerit
1531 2066 1588 2127 per

329 2149 540 2233 capellanum
566 2148 599 2209 in
625 2145 754 2227 capella
781 2146 1034 2208 ministrantem.
1082 2145 1231 2208 Domino
1251 2166 1329 2208 vero
1348 2145 1476 2229 capelle
1495 2145 1586 2208 domi

330 2272 396 2315 non
420 2253 589 2315 existente
612 2250 770 2333 predictis
793 2259 870 2315 octo
897 2248 999 2323 sestis,
1024 2247 1149 2314 familia
1176 2270 1241 2331 que
1269 2260 1349 2312 tunc
1376 2249 1502 2313 ibidem
1527 2249 1587 2311 erit

330 2358 503 2420 matricem
519 2355 694 2419 ecclesiam
711 2354 867 2417 visitabit.
908 2352 1027 2416 Dictus
1043 2373 1122 2416 vero
1136 2353 1347 2416 Baldewinus
1364 2355 1448 2417 tanti
1463 2374 1589 2417 memor

329 2458 481 2523 beneficii
500 2458 594 2522 dedit
613 2468 647 2521 et
674 2458 838 2520 concessit
865 2465 899 2519 et
924 2466 1016 2519 carta
1046 2477 1106 2530 sua
1137 2477 1237 2539 quam
1271 2456 1482 2539 inspeximus
1512 2476 1587 2519 con-

327 2561 471 2625 firmavit
495 2582 556 2644 pro
578 2582 614 2632 se
636 2570 670 2625 et
693 2559 870 2625 heredibus
893 2561 961 2623 suis
986 2562 1113 2623 matrici
1137 2561 1276 2624 ecclesie
1291 2561 1334 2624 de
1358 2560 1532 2625 Adintone
1556 2561 1587 2623 in

328 2686 454 2748 puram,
480 2664 617 2728 liberam
642 2674 676 2728 et
701 2676 896 2747 perpetuam
925 2663 1141 2751 elemosinam
1168 2685 1228 2747 pro
1252 2666 1361 2728 salute
1387 2666 1498 2729 anime
1523 2685 1588 2741 sue,

326 2779 572 2833 antecessorum
595 2778 629 2831 et
653 2768 812 2831 heredum
836 2788 981 2843 suorum,
1004 2787 1132 2832 necnon
1157 2778 1190 2831 et
1220 2768 1355 2831 Hawise
1381 2768 1496 2831 uxoris
1522 2788 1588 2845 sue,

331 2895 391 2937 sex
429 2892 522 2935 acras
553 2881 638 2935 terre
667 2892 743 2934 cum
774 2871 930 2934 omnibus
962 2872 1170 2953 pertinentiis
1200 2872 1268 2934 suis
1296 2873 1330 2935 in
1354 2873 1519 2936 territorio
1545 2871 1587 2935 de

328 2976 509 3054 Adintone,
524 2975 679 3039 videlicet
695 2976 727 3038 in
745 2975 849 3058 Sleng
865 2986 931 3039 tres
953 2974 1051 3038 rodas
1064 2975 1163 3056 juxta
1185 2975 1321 3039 foedum
1342 2976 1415 3059 [sic]
1438 2976 1588 3039 Mauricii

326 3081 369 3143 de
400 3079 556 3161 Andeby,
586 3078 649 3141 sub
679 3076 1019 3142 Wudeiordebanlon’
1052 3098 1151 3141 unam
1184 3078 1300 3142 rodam
1330 3078 1431 3159 juxta
1468 3090 1586 3142 terram

328 3184 475 3259 ecclesie,
498 3192 532 3245 et
555 3192 637 3263 aput
660 3182 844 3263 Grenewey
868 3180 1046 3244 duodecim
1071 3182 1180 3244 sulcos
1194 3181 1294 3263 juxta
1317 3191 1439 3246 terram
1462 3181 1588 3259 decani,

326 3297 361 3350 et
384 3306 485 3349 unam
510 3284 625 3348 rodam
642 3305 708 3367 que
731 3284 848 3348 abutat
877 3305 977 3367 super
1003 3285 1114 3348 buttes
1139 3284 1240 3365 juxta
1267 3296 1387 3348 terram
1414 3284 1541 3363 decani,
1556 3296 1589 3349 et

328 3390 390 3453 sub
422 3390 582 3471 Rigeway
612 3387 787 3451 dimidiam
818 3408 930 3450 acram
961 3398 995 3451 et
1026 3399 1169 3469 quatuor
1199 3388 1308 3451 sulcos
1337 3388 1437 3469 juxta
1467 3399 1587 3452 terram

328 3491 456 3565 decani,
479 3503 513 3554 et
539 3490 717 3554 duodecim
745 3490 855 3553 sulcos
886 3512 951 3572 que
982 3490 1055 3573 [sic]
1086 3490 1243 3554 abuttant
1270 3512 1369 3573 super
1400 3490 1589 3555 Trendlade

327 3595 426 3676 juxta
446 3610 567 3659 terram
591 3595 663 3657 lote
683 3594 736 3677 [or
749 3594 853 3677 Joce].
869 3606 903 3657 et
919 3593 1097 3658 duodecim
1118 3595 1227 3658 sulcos
1247 3616 1347 3677 super
1364 3594 1587 3660 Lidewellehil

325 3699 426 3779 juxta
449 3711 569 3762 terram
586 3698 714 3769 decani,
729 3708 763 3761 et
779 3698 954 3761 dimidiam
977 3718 1088 3761 acram
1109 3710 1252 3779 quatuor
1273 3698 1372 3761 sulcis
1394 3699 1589 3781 minusque

328 3803 484 3867 abuttant
499 3801 573 3884 [sic]
589 3822 688 3884 super
704 3802 879 3883 capucium
898 3801 1086 3864 Alexandri
1101 3800 1201 3881 juxta
1225 3812 1346 3865 terram
1369 3802 1506 3865 Henrici
1531 3802 1586 3866 filii

329 3906 449 3989 Sayne‚
473 3916 508 3968 et
535 3906 713 3969 duodecim
738 3905 847 3968 sulcos
875 3915 957 3987 aput
990 3906 1209 3968 Michelwelle
1234 3906 1334 3987 juxta
1364 3916 1486 3969 terram
1514 3907 1590 3970 Ade

330 4010 497 4094 prepositi,
513 4020 546 4072 et
563 4010 595 4070 in
613 4007 777 4072 Westseld
794 4028 893 4089 super
910 4007 1093 4072 Scitershul
1116 4018 1182 4071 tres
1205 4008 1311 4083 rodas
1327 4020 1360 4072 et
1383 4010 1414 4072 in
1439 4009 1587 4074 Brocsor-

329 4114 407 4195 lang
431 4132 531 4175 unam
555 4110 671 4175 rodam
692 4111 791 4192 juxta
813 4121 935 4174 terram
958 4111 1087 4188 decani,
1109 4122 1143 4174 et
1172 4114 1203 4174 in
1231 4112 1469 4196 Brocsorlange
1492 4134 1589 4195 super

331 4214 656 4279 Rennendewellehil
681 4235 782 4277 unam
798 4235 909 4277 acram
928 4213 1028 4294 juxta
1044 4223 1165 4279 terram
1182 4215 1309 4292 decani,
1325 4225 1359 4279 et
1375 4226 1458 4299 aput
1474 4216 1504 4279 N
1509 4217 1589 4281 olles

329 4330 395 4383 tres
422 4319 520 4382 rodas
543 4317 642 4399 juxta
665 4327 786 4381 terram
810 4318 938 4395 decani,
963 4330 998 4383 et
1021 4320 1138 4382 subtus
1165 4320 1326 4402 Rigeway
1349 4339 1450 4383 unam
1473 4319 1588 4384 rodam

325 4423 425 4503 juxta
462 4432 583 4485 terram
622 4421 747 4484 decani.
795 4421 890 4485 ldem
928 4443 1007 4486 vero
1045 4421 1255 4486 Baldewinus
1291 4433 1326 4486 et
1364 4423 1502 4487 heredes
1540 4424 1588 4487 sui

328 4524 606 4589 warrantizabunt
618 4523 726 4588 dictas
741 4546 802 4588 sex
818 4545 912 4589 acras
928 4535 1013 4588 terre
1029 4547 1104 4589 cum
1123 4527 1330 4608 pertinentiis
1342 4527 1431 4591 dicte
1446 4528 1587 4591 ecclesie

327 4630 369 4693 de
394 4630 567 4693 Adiutone
589 4640 623 4692 et
645 4628 796 4708 ejusdem
820 4629 959 4693 ecclesie
985 4629 1166 4693 rectoribus
1192 4630 1224 4692 in
1251 4640 1448 4713 perpetuum
1476 4652 1588 4694 versus

326 4753 443 4796 omnes
458 4743 493 4795 et
508 4732 542 4794 in
558 4732 723 4808 omnibus,
739 4741 776 4795 ut
792 4732 929 4797 liberam
946 4744 979 4797 et
996 4754 1113 4816 puram
1129 4734 1347 4797 elemosinam
1364 4754 1468 4797 suam.
1518 4736 1588 4799 Nos

328 4847 440 4900 autem
457 4837 571 4898 omnia
587 4835 736 4917 predicta
752 4845 824 4899 rata
839 4846 1002 4917 quantum
1020 4838 1052 4899 in
1071 4837 1166 4899 nobis
1181 4845 1233 4899 est
1249 4837 1412 4900 habentes
1432 4849 1466 4901 et
1481 4848 1587 4921 grata,

327 4962 368 5004 ea
394 4938 575 5022 episcopali
598 4937 836 5017 confirmamus
859 4942 1079 5017 auctoritate;
1104 4940 1203 5004 salvis
1226 4950 1287 5004 etc.
1334 4939 1435 5025 Quod
1459 4952 1495 5004 ut
1518 4953 1588 5013 etc„
