3609 5642
592 617 770 712 Episcopi
793 612 1077 689 Lincolniensis.
1396 638 1466 711 315

203 850 346 915 [Wlie‘eim
356 850 390 903 de
400 850 504 911 Pratis,
515 850 686 911 subdeacon,
694 852 843 919 presented
855 851 888 919 hy
904 851 1028 906 Willinm
1040 853 1075 906 de
1090 852 1246 921 Wastenay.
1253 856 1358 920 patron
1369 853 1405 919 os
1415 868 1466 906 one

269 932 392 1001 mediety,
404 932 512 1001 ondby
531 932 631 986 Robert
647 934 682 987 de
699 933 825 996 Beeirille,
839 937 946 1001 patron
964 935 1000 1001 of
1010 934 1057 986 tiee
1074 934 1157 995 other,
1170 935 1196 987 is
1215 935 1361 988 instituted
1377 940 1404 988 to
1422 936 1468 987 ttee

269 1016 372 1070 diercis
383 1018 418 1085 of
430 1016 463 1068 K
459 1018 518 1085 e'rby
528 1016 658 1080 Bellors]

294 1120 724 1185 Kreusis-wilielmus
740 1122 782 1186 de
800 1122 916 1199 Pratis,
932 1121 1166 1199 subdiaconus
1182 1133 1393 1205 presentatus
1410 1144 1468 1205 ρετ

206 1222 411 1287 Wiileimum
428 1223 471 1287 de
488 1224 682 1307 Wastenay,
698 1236 879 1307 patronum
896 1226 994 1288 unius
1011 1225 1210 1301 medietatis,
1226 1235 1259 1290 et
1280 1224 1466 1289 Robertum

203 1326 247 1391 de
271 1328 418 1406 Beiviiie,
441 1339 619 1411 patronum
643 1329 779 1405 alterius
803 1328 993 1393 medietatis
1016 1329 1156 1393 ecclesie
1178 1329 1221 1393 de
1246 1328 1408 1413 Kirkeby,
1424 1330 1466 1393 ad

204 1433 313 1516 ipsam
328 1432 503 1496 ecclesiam
519 1432 562 1496 de
580 1432 741 1516 Kirkeby,
758 1433 848 1498 facta
863 1434 954 1517 prius
971 1433 1186 1515 inquisitione
1206 1452 1264 1515 per
1281 1433 1330 1509 R,
1348 1433 1466 1497 Archi-

204 1536 383 1600 diaconum
409 1536 614 1614 Leircestrie,
629 1558 815 1621 perquam,
830 1548 902 1615 etc,
917 1538 962 1601 ad
980 1537 1123 1601 eandem
1143 1536 1310 1601 admissus
1331 1546 1391 1615 est,
1406 1548 1466 1601 etc.

206 1641 252 1704 Et
268 1640 467 1705 mandatum
482 1652 534 1705 est
549 1641 641 1705 dicto
658 1641 909 1707 Archidiacono
925 1651 970 1719 ut,
986 1650 1047 1706 etc.

203 1912 368 1981 [Walterde
379 1912 536 1981 Beresorde,
546 1912 716 1972 snbdeaoon,
723 1914 872 1981 presented
880 1913 914 1981 by
925 1913 970 1965 tie
980 1912 1070 1967 Abin
1079 1912 1140 1965 and
1151 1912 1277 1966 Conveni
1286 1913 1322 1981 os
1329 1912 1466 1977 Leicester,

268 1997 295 2048 is
304 1995 450 2049 instituted
459 2000 486 2049 to
496 1996 542 2049 tite
553 1995 653 2049 chureii
665 1998 700 2065 os
713 1994 908 2065 Hungarton.]

295 2098 794 2163 HUNGERTONE.-Waiterus
830 2098 872 2163 de
913 2099 1100 2175 Beresorde,
1131 2098 1365 2175 subdiaconus,
1396 2119 1467 2181 pre-

205 2212 356 2266 sentatus
380 2222 439 2284 per
463 2202 634 2266 Abbatem
657 2213 691 2267 et
714 2213 918 2267 conventum
945 2203 1141 2267 ieircestrie
1165 2202 1207 2266 ad
1231 2202 1406 2267 ecclesiam
1425 2202 1468 2267 de

207 2306 439 2389 Hungertone,
454 2307 543 2371 facta
567 2308 657 2390 prius
682 2309 895 2387 inquisitione
920 2328 978 2390 per
999 2308 1047 2383 R,
1065 2307 1350 2371 Archidiaconum
1376 2307 1467 2371 Leir-

204 2410 331 2486 cestrie,
347 2431 528 2493 perquam,
540 2422 611 2487 etc,
623 2412 665 2475 ad
682 2411 825 2476 eandem
841 2411 1008 2475 admissus
1023 2420 1083 2483 est,
1099 2424 1160 2475 etc.
1209 2412 1253 2475 Et
1270 2411 1467 2476 mandatum

203 2522 255 2576 est
267 2512 359 2577 dicto
373 2513 622 2577 Archidiacono
638 2525 683 2590 ut,
695 2524 756 2577 etc.
805 2514 997 2596 Injunctum
1015 2526 1066 2578 est
1078 2516 1181 2579 etiam
1194 2514 1302 2579 eidem
1318 2514 1468 2579 Waltero

205 2617 248 2681 de
264 2618 453 2694 Bereiorde,
468 2619 531 2682 sub
546 2618 662 2683 debito
678 2618 860 2701 juramenti
875 2630 910 2683 et
926 2618 989 2683 sub
1005 2639 1092 2703 pena
1108 2618 1258 2683 beneficii
1278 2619 1466 2695 amittendi,

205 2722 297 2804 quod
313 2722 422 2785 scolas
438 2722 627 2805 frequentet
642 2734 677 2786 et
693 2722 852 2787 addiscat.

204 2977 345 3042 [iisiliiam
358 2978 475 3036 Malene.
486 2979 656 3039 snideacon.
664 2979 813 3047 presented
821 2980 854 3048 by
864 2979 910 3032 iiie
923 2980 1055 3033 Conntess
1066 2981 1103 3047 of
1114 2978 1286 3041 Wincieester,
1295 2980 1320 3032 is
1326 2980 1471 3033 instituted

270 3065 297 3113 to
308 3064 355 3113 ttee
365 3061 466 3115 thurci
478 3061 514 3129 of
525 3061 648 3129 Sydon]

292 3173 793 3238 SYTHESTONE.—Wiile1mus
826 3174 964 3251 Maiore,
994 3173 1228 3251 subdiaconus,
1258 3184 1468 3257 presentatus

205 3296 264 3358 per
285 3276 330 3340 M.
351 3275 394 3341 de
414 3277 565 3360 Quency,
587 3276 803 3341 Comitissam
824 3277 1006 3353 Wintonie,
1022 3276 1065 3339 ad
1087 3276 1263 3339 ecclesiam
1283 3276 1326 3340 de
1347 3277 1468 3359 Sythe-

204 3390 310 3458 stone,
334 3380 422 3445 iacta
446 3382 537 3463 prius
561 3381 775 3464 inquisitione
800 3402 858 3463 per
882 3381 931 3457 Κ,
954 3380 1237 3443 Archidiaconuin
1264 3381 1469 3459 Leircestrie,

205 3505 263 3567 per
286 3505 398 3566 quam,
418 3495 489 3561 etc,
509 3484 552 3549 ad
575 3484 717 3549 eandem
741 3484 909 3548 admissus
930 3493 991 3562 est,
1011 3494 1071 3548 etc.
1122 3484 1169 3549 Et
1192 3484 1389 3549 mandatum
1414 3497 1465 3550 est
1484 3490 1488 3501 '

204 3586 296 3652 dicto
312 3586 563 3651 Archidiacono
579 3598 624 3663 ut,
640 3598 702 3651 etc.

203 3816 310 3885 [Adam
321 3817 355 3870 de
367 3818 509 3879 Overtone,
522 3815 660 3884 eiaplne’n,
669 3816 817 3883 presented
825 3815 859 3884 by
870 3816 996 3869 Wlliam
1003 3816 1037 3870 de
1049 3817 1176 3883 Qieatieor
1185 3816 1285 3875 iisare's.
1294 3818 1319 3869 e's
1328 3816 1473 3871 instituted

268 3904 296 3952 to
307 3899 353 3952 tite
364 3899 465 3952 clenrcti
476 3900 512 3966 os
526 3898 637 3967 Gondiy
649 3896 818 3964 Marione]

292 4009 644 4075 woefflin-Adam
672 4010 715 4073 de
743 4009 922 4085 Overtone,
946 4009 1147 4091 capellanus,
1170 4019 1381 4092 presentatus
1410 4031 1469 4092 per

205 4114 413 4179 wilielmum
434 4114 477 4179 de
498 4113 652 4197 Quatuor
673 4113 786 4191 Maris,
806 4113 957 4190 militem,
973 4111 1015 4175 ad
1036 4112 1210 4176 ecclesiam
1233 4113 1276 4176 de
1297 4112 1468 4196 Gouceby,

204 4218 293 4282 iacta
324 4220 415 4300 prius
447 4218 662 4301 inquisitione
693 4238 751 4300 ρετ
782 4219 831 4294 Κ,
862 4216 1147 4281 Archidiaconuin
1180 4217 1385 4295 Leircestrie,
1411 4238 1469 4301 per

203 4343 315 4405 quam,
330 4332 402 4399 etc,
418 4322 460 4386 ad
477 4321 619 4386 eandem
637 4321 804 4385 admissus
820 4331 872 4385 est
886 4342 963 4384 cum
983 4341 1084 4385 onere
1102 4332 1136 4385 et
1158 4341 1245 4404 pena
1261 4322 1469 4400 vicariorum,

204 4438 265 4491 etc.
312 4426 359 4491 Et
375 4425 573 4490 mandatum
590 4436 642 4490 est
657 4425 749 4489 dicto
766 4425 1015 4489 Archidiacono
1032 4434 1077 4503 ut,
1092 4436 1154 4490 etc.

291 4668 360 4752 [On
376 4669 429 4732 tlte
443 4670 536 4733 dorse
549 4668 619 4752 .·-]

204 4786 300 4855 [John
310 4786 344 4840 de
358 4786 477 4855 Capella,
491 4786 582 4843 mont.
588 4785 738 4854 presented
751 4784 784 4852 by
794 4784 841 4837 tite
851 4784 941 4837 Abin
954 4784 1014 4836 ared
1026 4784 1151 4837 Conveni
1162 4785 1197 4852 os
1209 4784 1282 4843 Lire,
1295 4784 1467 4853 Nermandy,

269 4870 294 4922 is
304 4868 441 4923 admitted
449 4867 581 4936 Priores
592 4866 737 4934 Hinckler,
750 4882 786 4918 on
798 4866 843 4919 tlte
853 4866 1027 4933 resignation
1039 4867 1075 4935 os
1087 4864 1211 4917 Rictiard
1219 4864 1253 4917 de
1266 4866 1401 4934 Capella]

292 4972 464 5054 Johannes
487 4970 530 5033 de
554 4969 700 5054 Capella,
717 4968 910 5043 monachus,
928 4977 1136 5050 presentatus
1160 4988 1219 5051 per
1239 4968 1409 5033 Abbateni
1433 4980 1468 5032 et

210 5086 412 5139 conventum
428 5074 472 5138 de
496 5074 586 5159 Lyra
608 5073 651 5138 ad
675 5074 859 5157 prioratum
875 5072 919 5136 de
945 5072 1077 5149 Hincia,
1093 5080 1267 5135 vacantem
1292 5092 1351 5155 per
1366 5072 1467 5155 resig-
