3609 5642
357 588 430 657 320
700 562 838 636 Rotulz'
861 562 1038 661 Hugonz's
1064 564 1107 637 de
1142 565 1274 637 Welles

353 800 462 867 [Roger
469 798 601 852 Blandus
610 798 645 851 de
664 798 817 861 Leicestn'a,
830 798 969 868 etaptain,
982 798 1132 867 presented
1145 800 1179 868 ty
1189 800 1235 853 the
1245 800 1357 853 Master
1365 801 1427 853 and
1435 801 1574 855 Bretteren
1585 804 1621 871 os

418 882 459 936 St.
470 881 597 933 Larem
607 882 643 949 os
649 880 766 945 Burton,
779 880 872 943 Lenes,
883 882 909 933 is
919 881 1065 934 instituted
1073 886 1101 935 to
1112 882 1158 935 tte
1168 882 1270 936 cturcn
1281 884 1317 951 os
1323 882 1429 951 Gales]

441 991 777 1074 GALssv.—Rogerus
805 991 957 1055 Blundus
981 991 1025 1055 de
1051 992 1239 1070 Leicestria,
1260 993 1461 1076 capellanus,
1481 1015 1613 1077 presen-

353 1108 443 1161 tatus
474 1117 533 1179 per
565 1096 764 1178 Magistrum
795 1107 830 1159 et
860 1097 977 1160 iratres
1013 1096 1127 1161 Sancti
1165 1098 1281 1160 Lazari
1319 1097 1362 1161 de
1395 1100 1543 1163 Burtone
1570 1100 1612 1164 ad

351 1201 526 1263 ecclesiam
543 1200 586 1264 de
602 1200 723 1283 Galby,
739 1201 827 1264 iacta
846 1203 936 1284 prius
957 1202 1171 1284 inquisitione
1188 1222 1246 1285 per
1264 1202 1311 1279 R,
1328 1202 1612 1267 Archidiaconum

327 1306 542 1380 ‚Leicestrie
580 1326 638 1387 per
668 1326 779 1387 quam,
809 1316 880 1382 etc,
907 1305 950 1369 ad
981 1305 1123 1369 eandem
1154 1306 1321 1369 admissus
1352 1318 1412 1383 est,
1444 1317 1505 1370 etc.
1569 1308 1613 1370 Et

354 1409 548 1472 mandatum
566 1418 617 1471 est
633 1408 742 1471 eidem
761 1409 1010 1473 Archidiacono
1026 1420 1071 1486 ut,
1086 1420 1147 1472 etc.

352 1788 494 1857 [Wllebm
509 1789 544 1841 de
559 1788 713 1844 Lezustnn
725 1786 863 1855 cleptein,
870 1788 1021 1855 presented
1032 1788 1121 1855 hythe
1137 1787 1227 1839 Altot
1235 1786 1296 1840 and
1307 1787 1434 1841 Convent
1442 1789 1478 1857 os
1486 1788 1613 1851 Cronton,

417 1870 509 1933 Leies..
522 1870 547 1922 ἐς
557 1868 704 1923 instituted
711 1873 739 1922 to
750 1868 795 1922 tte
800 1869 914 1937 portion
925 1869 961 1936 os
966 1868 1105 1937 sproxton
1117 1868 1234 1923 vacated
1242 1868 1276 1937 by
1286 1869 1381 1938 Roger
1390 1869 1531 1923 Blandus.
1559 1871 1585 1923 Τ
1581 1872 1614 1925 tte

411 1952 727 2021 pontenudeseritent

442 2065 583 2127 PORTIO
600 2076 650 2125 DE
664 2061 1140 2128 SPROXTONE.-Willelmus
1152 2061 1195 2126 de
1208 2062 1397 2139 leicestria,
1407 2064 1610 2146 capellanus,

353 2177 563 2251 presentatus
579 2187 638 2250 per
655 2167 825 2231 Abbatem
844 2176 878 2230 et
894 2178 1097 2231 conventum
1114 2166 1156 2229 de
1173 2166 1346 2231 Croxtone
1362 2167 1404 2230 ad
1422 2170 1610 2252 portionem

352 2292 417 2355 que
448 2271 511 2334 fuit
543 2271 665 2354 Rogeri
699 2270 820 2334 Blundi
852 2272 885 2333 in
921 2270 1061 2334 ecclesia
1091 2270 1133 2333 de
1165 2270 1370 2353 Sproxtone,
1401 2272 1490 2335 facta
1522 2274 1612 2356 prius

352 2375 567 2457 inquisitione
592 2394 651 2457 per
671 2374 720 2449 R,
741 2374 1026 2437 Archidiaconum
1049 2374 1237 2449 leicestrie,
1263 2393 1321 2456 per
1345 2396 1457 2457 quam,
1477 2386 1550 2453 etc,
1569 2376 1611 2439 ad

352 2478 493 2543 eandem
522 2478 689 2542 admissus
719 2488 770 2541 est
795 2497 871 2541 curn
899 2498 1000 2541 onere
1025 2489 1059 2541 et
1087 2497 1174 2559 pena
1198 2478 1404 2541 vicariorum.
1450 2478 1613 2544 Consistit

352 2593 466 2647 autem
483 2584 555 2666 ipsa
571 2583 680 2664 portio
696 2583 729 2644 in
746 2582 902 2644 omnibus
915 2580 1054 2645 decimis
1066 2591 1100 2645 et
1112 2581 1370 2645 obventionibus
1386 2582 1613 2663 spiritualibus

351 2687 440 2752 feodi
456 2686 620 2768 Johannis
635 2686 678 2749 de
695 2685 889 2767 Sproxtone
909 2686 942 2748 in
967 2684 1085 2748 eadem
1111 2684 1209 2761 villa;
1232 2695 1266 2748 et
1285 2684 1374 2748 valet
1396 2684 1487 2748 dicta
1504 2687 1612 2767 portio

352 2791 383 2873 vj
401 2810 537 2853 marcas.
586 2790 631 2852 Et
646 2789 842 2853 mandatum
859 2798 911 2853 est
926 2788 1034 2853 eidem
1054 2787 1302 2852 Archidiacono
1318 2798 1363 2866 ut,
1379 2799 1439 2852 etc.

352 3169 526 3238 [Alexander
534 3168 568 3221 de
583 3168 741 3230 Wetintone,
760 3168 897 3236 chaplnin,
914 3165 1064 3235 presented
1079 3166 1113 3234 ty
1124 3166 1170 3220 ttee
1183 3166 1294 3219 Moster
1303 3169 1365 3221 and
1380 3168 1518 3222 Bretttren
1530 3168 1566 3235 os
1572 3169 1612 3223 St.

417 3252 543 3305 Lanam
562 3252 599 3319 of
614 3251 729 3321 Baeton,
748 3251 841 3311 letes..
853 3252 879 3303 is
896 3250 1042 3305 instituted
1050 3250 1175 3317 ve'caroj‘
1187 3250 1325 3319 lewesby.
1363 3250 1419 3303 Ttee
1435 3253 1568 3320 veterage
1586 3252 1610 3304 is

416 3332 573 3401 eesmeee]

439 3451 858 3517 LOUSEBI.-Alexander
880 3452 924 3515 de
949 3452 1153 3528 Wetintone,
1176 3452 1378 3536 capellanus,
1401 3462 1611 3535 presentatus

353 3577 411 3639 per
442 3556 642 3639 Magistrum
673 3564 708 3618 et
737 3554 855 3618 iratres
884 3553 1006 3617 domus
1032 3554 1147 3619 Sancti
1179 3554 1297 3618 Lazari
1328 3554 1371 3619 de
1395 3556 1545 3619 Burtone
1568 3556 1609 3619 ad

352 3659 508 3723 vicariam
539 3658 677 3721 ecclesie
707 3657 750 3721 de
782 3657 948 3739 Louseby,
979 3658 1066 3721 sacta
1097 3659 1187 3740 prius
1223 3658 1437 3741 inquisitione
1469 3680 1528 3743 per
1564 3660 1610 3735 R,

353 3760 638 3825 Archidiaconum
657 3761 845 3838 Leicestrie,
862 3781 920 3843 per
941 3783 1052 3844 quam,
1071 3772 1141 3838 etc,
1158 3761 1200 3825 ad
1216 3762 1358 3826 eandem
1378 3762 1546 3825 admissus
1560 3774 1610 3826 est

351 3888 428 3930 cum
445 3885 546 3928 onere
561 3877 595 3929 et
611 3885 698 3948 pena
713 3866 921 3941 vicariomm,
935 3875 997 3929 etc.
1043 3865 1205 3930 Consistit
1221 3876 1334 3930 autem
1351 3866 1424 3949 ipsa
1439 3868 1562 3930 vicaria
1577 3868 1608 3931 in

351 3971 508 4034 omnibus
524 3971 660 4033 minutis
676 3969 826 4033 decimus
848 3970 952 4051 ipsius
969 3969 1149 4052 parrochie,
1165 3980 1199 4033 et
1214 3970 1370 4033 omnibus
1386 3970 1610 4035 oblationibus

352 4086 387 4139 et
402 4074 660 4138 obventionibus
676 4084 745 4136 tam
761 4072 804 4137 ad
822 4074 993 4137 matricem
1011 4074 1186 4138 ecclesiam
1202 4094 1304 4156 quam
1321 4074 1363 4138 ad
1380 4073 1545 4157 capellam
1568 4076 1610 4140 de

355 4178 511 4241 Neutone
535 4177 816 4259 provenientibus
842 4188 875 4241 et
901 4178 934 4241 in
960 4188 1048 4241 terra
1066 4178 1214 4254 ecclesie,
1241 4197 1317 4241 cum
1348 4197 1487 4255 manso;
1518 4178 1610 4242 salvo

353 4281 431 4345 inde
451 4280 549 4344 dictis
569 4279 724 4344 iratribus
744 4281 817 4343 loco
832 4282 1036 4363 competenti
1057 4280 1100 4344 ad
1120 4282 1268 4345 decimas
1284 4302 1361 4345 suas
1376 4291 1411 4344 et
1430 4282 1610 4345 servientes

352 4406 430 4449 suos
478 4385 603 4448 ibidem
660 4386 865 4448 necessarios
916 4385 1130 4467 recipiendos.
1192 4385 1237 4450 Et
1286 4385 1423 4449 habebit
1469 4385 1609 4448 vicarius

350 4489 561 4572 capellanum
591 4490 718 4552 socium
757 4489 790 4552 in
821 4488 952 4571 capella
985 4487 1133 4571 predicta
1168 4488 1326 4552 continue
1364 4488 1607 4551 ministrantem

350 4592 540 4675 sumptibus
556 4592 660 4673 ipsius
675 4592 797 4668 vicarii,
812 4593 868 4673 qui
884 4590 928 4655 de
943 4591 1149 4655 sinodalibus
1164 4601 1297 4655 tantum
1315 4591 1532 4673 respondebit
1547 4613 1555 4669 ;
1577 4600 1609 4655 et

351 4697 491 4780 predicti
515 4695 631 4759 iratres
647 4696 830 4777 hospitium
851 4694 1089 4759 Archidiaconi
1108 4706 1142 4758 et
1166 4696 1281 4759 omnia
1299 4695 1365 4758 alia
1385 4714 1487 4759 onera
1503 4694 1609 4759 dictas

351 4801 523 4865 matricem
548 4799 721 4863 ecclesiam
749 4809 784 4862 et
807 4799 971 4880 capellam
992 4800 1229 4881 contingentia,
1249 4799 1425 4874 ordinaria,
1440 4799 1556 4863 debita
1575 4808 1608 4863 et

351 4913 519 4978 consueta,
535 4902 755 4964 sustinebunt.
803 4902 848 4965 Et
865 4902 1061 4966 mandatum
1078 4913 1130 4965 est
1146 4901 1395 4967 Archidiacono
1413 4901 1609 4967 Leircestrie

351 5020 397 5083 ut,
412 5016 473 5069 etc.
