3609 5642
357 572 430 639 ²²4
709 544 847 620 Rutuli
860 545 1038 642 Hugoae's
1064 545 1108 618 de
1134 542 1266 617 Welles

360 700 776 708 -—-..--————.
783 698 924 704 ..-—---—-
940 699 1064 705 -..——--..

442 785 510 869 [On
526 786 579 849 tlte
592 785 684 848 dorse
697 784 767 867 .·-'-]

355 921 429 987 [The
439 921 548 989 Bethop
559 920 690 973 describes
706 926 735 973 ta
748 920 968 973 thematelean
984 920 1020 987 os
1034 918 1200 985 Cambridge
1214 917 1275 970 and
1288 918 1333 970 ta's
1339 917 1444 985 follow
1451 916 1562 985 judger
1577 914 1620 967 the

418 1019 515 1057 reason
526 1003 583 1072 sor
599 1002 690 1056 which
718 1002 827 1064 Walter,
839 1002 923 1061 clerte.
941 1001 1087 1069 presented
1102 1007 1129 1053 to
1147 1000 1193 1053 ttae
1211 1000 1311 1054 church
1331 1002 1366 1068 of
1378 1000 1475 1053 Pe'lton
1494 1014 1556 1051 was
1574 1003 1621 1050 nat

419 1084 555 1138 admitted
563 1084 596 1153 by
606 1084 686 1154 Irim]

441 1213 697 1276 Venerabilibus
729 1212 814 1288 viris,
844 1211 974 1275 decano
1004 1210 1047 1275 de
1077 1210 1292 1292 Cantebrigia
1322 1220 1357 1273 et
1387 1207 1618 1289 conjudicibus

354 1318 430 1394 suis,
460 1316 502 1379 H.
529 1317 592 1380 Dei
620 1319 727 1399 gratia
754 1316 996 1379 Lincolniensis
1026 1316 1204 1397 episcopus
1233 1314 1375 1377 salutem
1407 1314 1439 1375 in
1471 1313 1617 1376 domino.

356 1421 501 1484 Litteras
528 1432 654 1485 vestras
685 1422 874 1502 accepimus
905 1419 1027 1502 quibus
1065 1440 1165 1501 super
1201 1418 1410 1481 institutione
1445 1416 1618 1499 Stephani,

354 1525 528 1608 capellani,
544 1525 680 1588 rectoris
700 1524 838 1587 ecclesie
854 1523 897 1587 de
918 1522 1078 1599 Piletone‚
1093 1531 1126 1586 et
1148 1524 1318 1585 amotione
1335 1520 1485 1596 Walteri,
1501 1520 1618 1597 clerici,

355 1628 535 1709 presentati
560 1625 602 1690 ad
626 1625 780 1702 eandem,
796 1647 855 1709 per
878 1646 939 1688 nos
962 1626 1105 1709 rogastis
1128 1624 1213 1688 effici
1237 1625 1402 1688 certiores,
1450 1623 1618 1687 Noveritis

355 1719 456 1813 igitur
479 1729 580 1812 quod,
606 1750 682 1793 cum
708 1730 895 1793 custodiam
926 1729 1066 1793 ecclesie
1090 1728 1133 1791 de
1166 1727 1324 1805 Piletone‚
1351 1736 1432 1791 ωηο
1460 1728 1619 1805 vacantis,

354 1834 446 1898 dicto
466 1834 518 1898 W.
539 1834 582 1897 ad
603 1853 761 1915 magnam
782 1833 895 1897 dilecti
917 1833 974 1896 filii
995 1834 1034 1896 R.
1057 1832 1294 1895 Archidiaconi
1316 1831 1562 1895 Norhamtonie
1585 1842 1618 1895 et

355 1934 566 2016 quorundam
588 1934 728 1997 aliorum
748 1934 943 1996 instantiam
960 1932 1180 2015 quadriennio
1194 1931 1264 2013 jam
1285 1932 1401 2013 elapso
1419 1940 1453 1995 et
1474 1931 1618 2014 amplius

354 2039 638 2101 commisissemus
654 2036 817 2120 usquead
836 2049 968 2120 tempus
987 2058 1007 2099 a
1027 2036 1123 2100 nobis
1142 2036 1188 2099 illi
1209 2035 1409 2119 prefinitum,
1427 2044 1463 2099 ut
1485 2036 1617 2099 interim

354 2141 541 2205 addisceret
560 2141 654 2204 etsie
670 2140 806 2204 demum
826 2161 938 2203 coram
966 2140 1062 2203 nobis
1085 2149 1293 2221 compareret
1315 2138 1565 2202 examinandus
1585 2148 1619 2202 et

355 2247 382 2308 si
406 2244 546 2309 idoneus
570 2246 772 2309 inveniretur
794 2244 1000 2309 ordinandus
1023 2256 1057 2308 et
1080 2242 1313 2320 instituendus,
1335 2264 1396 2307 nec
1420 2243 1509 2307 idem
1534 2254 1618 2307 tem-

355 2370 435 2432 pore
473 2350 603 2431 prefixo
641 2369 701 2411 nec
740 2359 857 2431 postea
896 2349 1096 2431 presentiam
1128 2368 1223 2411 suam
1255 2368 1368 2411 coram
1406 2347 1502 2411 nobis
1542 2348 1618 2411 licet

355 2453 554 2518 multociens
573 2463 713 2516 vocatus
733 2462 862 2515 curaret
881 2451 1050 2529 exhibere,
1071 2472 1131 2514 nos
1150 2452 1293 2535 gratiam
1320 2461 1468 2515 nostram
1494 2454 1528 2514 in
1556 2451 1618 2514 hac

355 2569 449 2640 parte
471 2556 632 2620 duximus
656 2577 746 2620 auno
767 2556 837 2637 jam
861 2556 977 2638 elapso
999 2566 1032 2619 et
1056 2557 1200 2639 amplius
1227 2554 1459 2635 revocandam.
1506 2555 1617 2638 Quem

356 2672 436 2725 tunc
451 2660 589 2725 demum
606 2660 649 2723 ad
670 2681 732 2723 nos
747 2661 936 2724 venientem
958 2670 992 2723 et
1013 2658 1274 2724 misericordiam
1296 2668 1476 2741 petentem,
1493 2661 1618 2723 miseri-

355 2766 469 2831 cordia
493 2766 575 2829 moti
602 2775 635 2828 et
661 2766 764 2847 ipsius
789 2766 1034 2846 compatientes
1061 2764 1259 2847 paupertati,
1280 2763 1382 2827 semel
1411 2773 1447 2827 et
1470 2763 1619 2827 secundo

357 2871 537 2935 leicestrie
563 2880 598 2933 et
622 2870 723 2932 tertio
748 2868 837 2951 apud
865 2868 1013 2950 Burgum
1042 2867 1132 2932 beati
1161 2868 1249 2930 Petri
1275 2866 1415 2931 fecimus
1446 2887 1504 2949 per
1531 2869 1618 2931 viros

355 2972 543 3056 fidedignos
568 2973 767 3050 examinari,
785 2982 819 3036 et
844 2990 921 3035 cum
949 2970 1088 3034 omnino
1114 2979 1263 3053 repertus
1289 2980 1378 3033 esset
1406 2970 1618 3063 insufficiens,

355 3080 464 3160 ipsum
497 3078 611 3141 multis
641 3087 676 3140 et
707 3077 838 3158 magnis
866 3076 943 3139 viris
972 3074 1069 3137 nobis
1100 3085 1180 3138 tunc
1205 3073 1430 3138 assidentibus
1455 3085 1615 3157 tanquam

356 3181 531 3265 indignum
563 3182 808 3246 sententialiter
845 3180 1037 3263 repulimus,
1068 3178 1281 3261 injungentes
1320 3188 1462 3261 patrono
1500 3190 1537 3243 ut
1575 3179 1617 3243 ad

356 3286 531 3350 ecclesiam
558 3286 753 3369 predictam,
768 3306 834 3368 que
859 3306 919 3368 per
943 3294 1074 3348 tantum
1101 3294 1234 3365 tempus
1255 3293 1440 3357 vacaverat,
1461 3282 1616 3347 idoneam

356 3390 452 3454 nobis
475 3411 651 3474 personam
676 3399 889 3473 presentaret.
937 3389 1003 3473 Qui
1024 3410 1100 3451 cum
1118 3387 1325 3471 sepedictum
1343 3387 1385 3464 S,
1397 3387 1617 3469 capellanum,

356 3494 452 3558 nobis
470 3496 607 3560 duceret
631 3496 674 3559 ad
699 3497 873 3560 ecelesiam
900 3496 1007 3578 ipsam
1034 3493 1305 3577 presentandum,
1325 3514 1385 3555 nos
1409 3512 1487 3555 eum
1514 3513 1616 3574 expe-

356 3598 435 3661 ditis
455 3599 545 3680 prius
565 3599 721 3662 omuibus
743 3600 916 3681 negotium
938 3600 1046 3681 ipsum
1068 3597 1340 3678 contingentibus
1360 3594 1559 3658 admisimus
1584 3604 1616 3658 et

355 3702 516 3766 canonice
531 3723 708 3785 personam
725 3704 931 3766 instituimus
947 3703 980 3765 in
996 3702 1124 3765 eadem.

1376 692 1617 701 --——-—--—-

356 4080 430 4146 [The
447 4079 553 4146 Br'strop
571 4078 647 4131 takes
663 4080 722 4132 iata
739 4080 784 4132 his
794 4081 947 4147 protectore
967 4080 1012 4133 tlte
1029 4080 1157 4133 aureas
1178 4078 1240 4132 and
1258 4076 1337 4131 other
1352 4080 1485 4146 propeay
1505 4077 1542 4146 of
1562 4083 1617 4131 two

420 4162 704 4312 mmdgzasw
725 4162 854 4227 Richard,
872 4166 982 4231 parson
1009 4163 1045 4232 os
1068 4162 1245 4231 Draughton,
1274 4160 1335 4215 aad
1347 4160 1433 4227 John,
1452 4164 1560 4227 parson
1587 4160 1623 4229 os

444 4370 613 4435 Omnibus
628 4382 689 4435 etc.
736 4372 904 4437 Noveritis
927 4393 988 4435 nos
1007 4372 1182 4436 ecclesiam
1203 4370 1246 4434 de
1268 4369 1433 4435 Drahton’
1449 4380 1484 4434 et
1503 4374 1617 4435 omnia

357 4476 422 4540 alia
442 4475 531 4539 bona
551 4474 696 4552 Ricardi,
712 4475 884 4559 capellani,
900 4496 1042 4558 persone
1059 4474 1210 4557 ejusdem
1234 4474 1382 4552 ecclesie,
1397 4476 1617 4557 crucesignati

357 4579 390 4642 in
417 4577 542 4641 diocesi
573 4590 687 4642 nostra
714 4580 932 4644 consistentia
955 4579 1018 4642 sub
1042 4580 1106 4642 Dei
1130 4590 1164 4643 et
1187 4579 1325 4642 ecclesie
1347 4580 1381 4642 et
1405 4588 1520 4642 nostra
1542 4600 1617 4662 pro-

357 4682 503 4746 tectione
541 4683 759 4764 suscepimus,
789 4684 836 4745 ita
865 4684 956 4765 quod
988 4682 1076 4746 idem
1110 4683 1148 4746 R.
1177 4682 1278 4764 juxta
1311 4682 1616 4765 crucesignatorum

357 4786 575 4869 privilegium,
591 4797 690 4868 prout
709 4787 743 4849 in
763 4786 915 4850 Concilio
935 4786 1081 4869 generali
1103 4795 1266 4850 statutum
1285 4795 1345 4862 est,
1361 4805 1420 4868 per
1435 4786 1616 4849 triennium

357 4891 513 4973 proximo
534 4910 677 4972 sequens
698 4890 800 4954 libere
825 4891 931 4973 possit
953 4890 996 4953 de
1027 4890 1107 4971 ipsis
1133 4890 1311 4972 disponere
1335 4889 1406 4952 sine
1433 4888 1618 4971 prejudicio

354 4994 437 5076 juris
453 4992 573 5070 alieni;
595 5003 630 5057 et
646 4994 680 5056 in
696 4993 795 5075 hujus
812 4996 856 5057 rei
872 5004 934 5058 etc.
982 4994 1071 5057 Data
1087 5014 1147 5076 per
1162 5014 1297 5056 manum
1317 4992 1355 5055 R.
1372 4992 1415 5056 de
1427 4991 1617 5069 Wareville,
