3609 5642
350 583 419 650 292
699 557 837 630 Rutuli
849 556 1028 653 Hregronis
1050 556 1094 629 cle
1120 556 1253 629 Welles

353 712 472 720 ——-——..

346 786 481 856 [Septen
492 786 526 839 rte
536 784 678 854 Heydone,
689 784 798 853 coepte,
804 783 996 853 presentedby
1008 782 1108 837 Robert
1116 782 1150 837 de
1161 784 1222 849 Ros.
1236 784 1307 839 with
1319 790 1432 839 consent
1440 786 1477 854 os
1483 783 1613 859 eilande

411 867 498 935 Hoby‚
510 867 536 920 is
545 864 692 919 instituted
699 870 726 919 to
736 865 782 919 tte
793 864 892 919 cturck
903 865 941 934 os
951 864 1052 933 Hoby‚]

438 968 793 1052 nomn-Magister
815 966 1009 1050 Stephanus
1029 967 1073 1031 de
1099 966 1276 1050 Heydone,
1292 967 1461 1044 accolitus,
1477 988 1612 1050 presen-

349 1084 439 1138 tatus
470 1094 527 1156 per
559 1072 743 1136 Robertum
773 1071 817 1136 de
848 1071 928 1149 Ros,
948 1072 992 1137 de
1021 1090 1182 1135 concessu
1216 1070 1316 1135 Alani
1347 1070 1390 1135 de
1424 1071 1538 1154 Hoby‚
1568 1071 1611 1135 ad

349 1177 523 1241 ecclesiam
539 1176 583 1239 de
601 1175 713 1258 Hoby‚
728 1174 817 1238 facta
832 1175 923 1257 prius
944 1174 1159 1257 inquisitione
1182 1195 1241 1257 per
1258 1174 1307 1251 R,
1325 1173 1610 1239 Archidiaconum

352 1281 556 1357 Leircestrie,
580 1300 638 1363 per
663 1298 776 1361 quam,
799 1287 870 1355 etc,
894 1278 1061 1342 admissus
1084 1288 1136 1342 est
1160 1288 1194 1342 et
1222 1280 1255 1341 in
1280 1300 1321 1343 ea
1350 1280 1512 1343 canonice
1538 1300 1611 1362 per-

351 1405 433 1449 sona
449 1385 627 1448 institutus
674 1381 720 1445 Et
736 1381 934 1445 mandatum
950 1392 1001 1445 est
1019 1381 1268 1446 Archidiacono
1285 1383 1489 1447 Leircestrie.

350 1638 472 1708 [Walter
494 1636 551 1702 Coc,
572 1636 710 1705 chaplatit,
728 1635 878 1703 presented
901 1635 935 1704 by
957 1634 1002 1688 the
1025 1635 1114 1689 Attot
1132 1635 1193 1688 and
1220 1634 1347 1688 Connent
1366 1636 1402 1703 os
1425 1635 1563 1699 leicester,
1589 1638 1614 1688 is

414 1718 690 1787 r'nstr'tutedm'caros
701 1716 756 1770 All
764 1716 868 1779 Saeieu,
879 1716 1032 1781 leicester]

438 1828 606 1893 Onu1uu
631 1827 869 1893 Snncnonun
894 1827 1346 1892 Ls1c1csnnrn.-Walterus
1377 1827 1455 1905 Coc,
1478 1828 1611 1911 cappel-

350 1934 455 2010 lanus,
485 1940 695 2015 presentatus
725 1951 785 2014 per
816 1929 987 1994 Abbatem
1017 1940 1051 1994 et
1089 1939 1291 1994 conventum
1332 1930 1530 1995 Leircestrie
1567 1930 1610 1994 ad

349 2047 545 2122 perpetuam
567 2033 725 2101 vicariam
755 2035 894 2099 ecclesie
924 2033 1087 2099 Omnium
1118 2034 1319 2099 Sanctorum
1344 2036 1377 2097 in
1402 2034 1613 2112 Leircestria,

350 2142 538 2205 ordinatam
569 2139 767 2203 auctoritate
797 2138 948 2215 concilii,
974 2149 1011 2203 ut
1042 2159 1142 2222 supra
1172 2158 1261 2201 anno
1293 2137 1376 2219 xiij⁰‚
1401 2138 1491 2202 sacta
1521 2140 1613 2222 prius

308 2272 316 2289 ·
350 2245 564 2328 inquisitione
584 2264 643 2327 per
665 2241 713 2318 R,
735 2242 1019 2306 Archidiaconum
1046 2242 1251 2317 Leircestrie,
1271 2262 1329 2325 per
1348 2261 1459 2324 quam,
1478 2252 1549 2319 etc,
1570 2242 1611 2307 ad

349 2348 492 2414 eandem
503 2347 659 2411 vicariam
675 2346 842 2412 admissus
856 2356 917 2423 est,
930 2355 964 2409 et
980 2346 1012 2409 in
1029 2366 1069 2409 ea
1082 2346 1222 2410 vicarius
1239 2356 1419 2429 perpetuus
1430 2346 1612 2421 institutus,

350 2472 425 2515 cum
451 2471 551 2515 onere
576 2459 611 2514 et
637 2470 723 2532 pena
750 2450 955 2513 vicariorum.
1003 2449 1049 2512 Et
1074 2450 1270 2512 mandatum
1298 2459 1349 2512 est
1373 2447 1465 2512 dicto
1494 2449 1612 2513 Archi-

350 2554 493 2619 diacono
508 2562 554 2629 ut,
569 2563 631 2617 etc.

349 2774 462 2843 [Hemy
471 2773 506 2826 de
518 2772 634 2842 Bokeby‚
647 2772 783 2842 chaplare,
793 2772 941 2843 presented
950 2772 983 2838 br
994 2772 1089 2842 Ralph
1100 2773 1134 2826 de
1144 2772 1296 2838 Albinum,
1306 2776 1430 2843 rectores
1442 2773 1610 2844 Bottessord,

413 2854 482 2908 wau
498 2853 544 2907 ue
559 2858 672 2906 ament
685 2854 721 2922 os
732 2852 778 2907 ue
788 2856 894 2922 patron
915 2852 1040 2907 thtum
1057 2853 1091 2906 a
1108 2853 1259 2918 nmmum,
1278 2857 1302 2907 ts
1325 2855 1472 2907 asenne
1486 2856 1569 2909 mur
1582 2856 1617 2925 os

413 2934 580 3003 Bottessord.
617 2934 675 2987 The
685 2934 1020 3003 m'carageudesmteeq

437 3039 562 3105 sunm
586 3038 749 3103 Vlcnnm
773 3052 823 3101 oe
849 3039 1371 3103 Hormi-:stonen-Henricus
1392 3039 1435 3103 de
1459 3040 1610 3125 Bokeby‚

348 3144 575 3228 cappellanus,
607 3152 816 3225 presentatus
848 3163 906 3224 per
938 3142 1120 3207 Radulsum
1155 3144 1197 3207 de
1228 3144 1416 3219 Albiniaco,
1448 3153 1609 3208 rectorem

348 3250 486 3314 ecclesie
501 3248 544 3312 de
561 3245 779 3322 Botlessorde,
794 3246 837 3309 de
852 3267 1017 3310 consensu
1034 3247 1194 3312 Willelmi
1210 3247 1254 3312 de
1271 3248 1458 3327 Albinium,
1476 3250 1610 3332 patroni

348 3352 509 3435 ejusdem,
538 3350 581 3414 ad
621 3360 817 3433 perpetuam
850 3351 1007 3413 vicariam
1046 3351 1185 3415 ecclesie
1223 3352 1381 3434 predicte,
1411 3354 1612 3417 auctoritate

335 3456 476 3520 ·domini
498 3455 658 3537 Episcopi
677 3452 877 3530 ordinatam,
894 3454 983 3518 iacta
1004 3455 1094 3537 prius
1113 3455 1328 3537 inquisitione
1351 3476 1409 3539 per
1426 3455 1475 3533 R,
1493 3456 1610 3521 Archi-

348 3559 527 3623 diaconum
554 3556 757 3627 leircestrie.
782 3578 974 3639 perquam,
996 3568 1067 3633 etc,
1090 3559 1256 3623 admissus
1278 3568 1329 3622 est
1351 3568 1385 3622 et
1409 3560 1442 3622 in
1465 3580 1515 3637 ea,
1533 3580 1609 3624 cum

348 3683 450 3726 onere
472 3671 507 3725 et
531 3681 617 3743 pena
632 3660 839 3738 vicariorum,
855 3662 996 3726 vicarius
1019 3671 1199 3745 perpetuus
1222 3664 1402 3727 institutus
1448 3663 1610 3727 Consistit

349 3776 463 3830 autem
482 3766 556 3846 ipsa
570 3763 693 3826 vicaria
714 3765 747 3826 in
771 3765 928 3828 omnibus
950 3765 1209 3829 obventionibus
1231 3767 1345 3831 altaris
1368 3777 1438 3831 tam
1463 3767 1610 3830 matricis

233 3938 238 3946 ,
348 3869 487 3934 ecclesie
506 3887 607 3950 quam
628 3866 856 3949 cappellarum
876 3878 911 3931 et
931 3870 964 3931 in
984 3870 1080 3932 terris
1099 3869 1142 3932 ad
1162 3870 1333 3953 cappellas
1359 3870 1610 3954 pertinentibus.

352 3975 398 4038 Et
428 3972 627 4036 mandatum
657 3981 709 4035 est
739 3970 831 4034 dicto
863 3970 1110 4035 Archidiacono
1140 3982 1186 4049 ut,
1215 3984 1275 4037 etc.
1332 3974 1408 4037 Non
1448 3973 1610 4039 habemus

350 4078 478 4142 litteras
493 4074 724 4158 inquisitionis

350 4298 493 4367 [thiam
516 4296 550 4349 de
571 4294 756 4357 Billensdone,
781 4295 922 4363 cleptein.
940 4298 1088 4365 ¹ermentei
1107 4298 1140 4368 by
1160 4299 1207 4353 tlte
1228 4299 1320 4351 Attal
1343 4299 1405 4351 and
1432 4298 1559 4353 convent
1582 4298 1616 4367 os

417 4380 552 4441 tantur,
566 4378 591 4430 is
601 4376 746 4430 instituted
754 4382 782 4429 to
792 4377 839 4431 the
848 4378 951 4433 church
961 4381 997 4448 os
1009 4379 1147 4450 Dt‘sletey]

441 4478 858 4545 mntem-willelmus
870 4479 913 4544 de
930 4480 1154 4559 Billensdone,
1165 4483 1391 4566 cappellanus,
1402 4493 1610 4567 presentatus

353 4606 411 4669 per
432 4584 603 4648 Abbatem
622 4594 658 4646 et
676 4593 880 4647 conventum
902 4584 1098 4649 Leircestrie
1118 4584 1161 4649 ad
1181 4586 1354 4649 ecclesiam
1371 4586 1415 4650 de
1436 4586 1610 4669 Dixeleya,

352 4690 440 4753 facta
470 4688 560 4770 prius
590 4686 804 4769 inquisitione
834 4708 893 4769 per
924 4688 974 4765 R,
1004 4687 1287 4754 Archidiaconum
1321 4690 1527 4766 Leircestrie,
1555 4710 1611 4773 per

352 4812 464 4876 quam,
478 4802 549 4871 etc,
564 4790 731 4855 admissus
745 4800 795 4853 est
810 4800 854 4865 et,
869 4811 946 4855 cum
963 4812 1063 4857 onere
1079 4804 1114 4856 et
1129 4813 1215 4876 pena
1230 4793 1438 4871 vicariorum,
1450 4794 1610 4857 canonice

355 4918 496 4982 persona
526 4896 697 4960 institutus
727 4896 758 4957 in
790 4895 917 4959 eadem.
974 4896 1019 4960 Et
1050 4896 1246 4961 mandatum
1281 4906 1332 4960 est
1357 4896 1610 4975 ,archidiacono

356 5002 551 5067 Leircestrie
566 5010 611 5077 ut,
625 5008 687 5064 etc.
