3609 5642
615 559 791 656 Episcopi
814 559 1098 634 Lz'ncolniense's.
1419 582 1482 654 171

228 799 363 864 Andree
381 799 658 882 Norhamptonie,
668 799 710 863 ad
727 800 901 864 ecclesiam
920 803 1035 867 Sancti
1054 802 1280 867 Bartholomei
1298 803 1328 864 N
1332 803 1488 885 orhamp-

227 905 324 979 tonie,
342 903 431 966 sacta
453 905 545 986 prius
566 905 780 986 inquisitione
800 927 858 988 per
877 906 1077 987 Johannem,
1099 906 1382 969 Archidiaconum
1405 907 1490 969 Nor-

227 1009 430 1090 hamptonie,
447 1028 505 1089 per
526 1027 636 1090 quam,
652 1019 723 1083 etc,
739 1007 781 1071 ad
798 1009 940 1072 eandem
960 1010 1127 1073 admissus
1145 1020 1205 1085 est,
1221 1019 1281 1072 etc.
1329 1010 1375 1072 Et
1395 1030 1488 1072 man-

225 1111 341 1174 datum
365 1121 416 1174 est
447 1110 555 1174 eidem
577 1110 824 1174 Archidiacono
844 1123 889 1190 ut,
908 1123 970 1176 etc.
1019 1113 1210 1194 lnjunctum
1231 1122 1282 1176 est
1302 1114 1403 1177 etiam
1426 1114 1487 1195 ipsi

226 1213 370 1296 Johanni
403 1225 440 1277 ut
470 1213 578 1276 scolas
611 1214 878 1298 Norhamptonie
907 1216 1093 1298 frequentet
1120 1226 1153 1279 et
1179 1215 1339 1291 addiscat,
1366 1225 1400 1279 et
1424 1216 1487 1279 hoc

225 1339 312 1381 anno
329 1317 481 1381 revoluto
497 1317 611 1381 redeat
629 1317 878 1382 Archidiacono
894 1329 1088 1383 ostensurus
1103 1319 1246 1402 qualiter
1261 1320 1437 1403 profecerit
1453 1322 1487 1383 in

225 1422 361 1486 eisdem.
1166 1419 1172 1430 ’

225 1728 336 1797 [Robert
344 1729 379 1782 de
395 1728 500 1792 Weller,
513 1729 592 1790 clerk,
605 1731 629 1782 is
640 1735 668 1781 to
678 1728 708 1782 be
714 1731 770 1797 put
780 1730 810 1781 in
817 1731 974 1796 possession
984 1731 1021 1799 ef
1032 1729 1113 1783 tithes
1124 1735 1155 1782 at
1168 1730 1252 1798 Wyke
1264 1730 1400 1800 Hermon]

313 1858 379 1920 Pro
396 1857 545 1921 Roberto
569 1857 611 1921 de
636 1856 769 1933 Welle3‚
785 1856 913 1934 clerico,
929 1859 980 1920 cui
1005 1858 1161 1922 dominus
1185 1859 1374 1942 Episcopus
1397 1860 1485 1924 deci-

227 1983 297 2026 mas
327 1961 371 2025 de
402 1961 571 2025 dominico
603 1961 761 2025 Willelmi
794 1963 852 2025 filii
887 1963 1053 2026 Hamonis
1085 1965 1117 2026 in
1149 1964 1249 2027 Wilre
1287 1965 1487 2028 auctoritate

226 2065 367 2129 contulit
395 2065 544 2140 Concilii,
568 2067 647 2148 quia
671 2087 730 2148 per
753 2077 831 2129 octo
857 2087 964 2129 annos
988 2078 1188 2131 vacaverant
1213 2077 1247 2132 et
1270 2089 1311 2132 eo
1335 2069 1489 2151 amplius

228 2168 477 2233 Archidiacono
490 2169 758 2252 Norhamptonie
775 2171 972 2233 mandatum
989 2171 1142 2254 estquod
1159 2171 1286 2236 dictum
1301 2173 1487 2236 Robertum

226 2275 258 2335 in
273 2273 482 2355 corporalem
498 2272 662 2337 dictarum
680 2273 885 2336 decimarum
902 2275 1147 2357 possessionem
1165 2275 1321 2354 inducat3
1344 2275 1400 2358 qui
1417 2276 1489 2359 qui-

225 2377 302 2441 dem
320 2377 489 2460 rescripsit
504 2398 540 2441 se
557 2377 656 2440 luisse
673 2378 869 2441 mandatum
886 2378 1014 2442 domini
1030 2388 1219 2443 executum.

313 2681 382 2765 [On
398 2681 452 2744 tlte
466 2681 558 2744 dorse
570 2681 640 2764 .·—]

227 2816 374 2886 [Willian
389 2831 477 2868 conon
494 2815 529 2880 os
540 2815 627 2882 Sulby
637 2817 686 2880 (or
699 2814 844 2883 Welsoeni)‚
858 2817 1039 2870 nimritund
1047 2815 1231 2884 Abbotoftlte
1241 2831 1318 2869 same
1330 2816 1491 2883 Monasnry

290 2899 320 2950 in
331 2897 377 2950 tlte
388 2911 464 2949 room
476 2896 512 2964 of
523 2894 645 2965 Walter]

314 3025 442 3088 Amoto
456 3023 571 3086 Fratre
585 3023 743 3100 Walter0,
755 3024 891 3088 Abbate
907 3025 949 3087 de
966 3025 1102 3106 Suleby‚
1113 3024 1311 3086 auctoritate
1326 3023 1490 3105 generalis

225 3129 361 3212 capituli
380 3129 707 3205 Premonstratensis,
724 3130 839 3192 Frater
855 3131 1053 3206 Willelmus,
1065 3129 1216 3210 ejusdem
1227 3129 1290 3191 loci
1301 3128 1490 3204 canonicus,

226 3235 258 3296 in
276 3234 380 3315 ipsius
396 3232 517 3296 domus
535 3232 705 3295 Abbatem
721 3232 856 3309 electus,
872 3254 949 3295 cum
965 3254 1025 3316 per
1045 3233 1171 3296 litteras
1195 3241 1380 3295 conventus
1400 3230 1487 3311 ejus-

225 3337 303 3401 dem
319 3336 441 3400 domus
457 3335 499 3399 de
517 3337 683 3400 Newehus
704 3347 738 3399 et
757 3337 800 3400 de
820 3337 850 3398 N
854 3337 942 3399 eubo
958 3337 1143 3412 Abbatum,
1159 3337 1332 3418 negotium
1352 3345 1440 3399 esset
1456 3335 1489 3396 in

225 3439 397 3522 expedit0,
413 3439 578 3502 admissus
593 3449 644 3503 est
659 3449 694 3502 et
709 3440 869 3503 canonice
885 3439 1109 3503 confirmatus
1157 3440 1201 3502 Et
1219 3439 1416 3502 mandatum
1438 3447 1490 3500 est

224 3542 380 3624 Johanni,
398 3542 646 3606 Archidiacono
663 3542 940 3624 Norhamptonie,
956 3542 1046 3625 quod
1063 3564 1139 3606 cum
1157 3564 1215 3624 per
1232 3542 1358 3605 litteras
1374 3561 1488 3606 vener-

226 3656 322 3718 abilis
344 3655 449 3738 patris
470 3655 607 3718 Domini
628 3655 753 3718 Con'en
773 3655 845 3738 [sic]
864 3655 907 3718 de
929 3654 1161 3718 benedictione
1182 3653 1262 3717 dicti
1280 3653 1426 3717 Abbatis
1445 3653 1490 3715 ab

226 3767 300 3850 ipso
319 3766 459 3830 domino
477 3766 557 3830 data
576 3766 618 3830 de
638 3767 799 3830 mandato
816 3767 964 3844 Domini,
980 3768 1100 3830 certior
1119 3765 1257 3830 effectus
1281 3766 1387 3842 luerit,
1403 3766 1490 3828 circa

227 3879 488 3943 installationem
505 3899 599 3941 suam
617 3878 707 3960 quod
724 3900 821 3942 suum
840 3879 937 3942 suerit
952 3888 1147 3961 exequatur.

225 4273 319 4337 [Peter
334 4272 369 4325 de
386 4270 528 4332 Medione,
544 4286 631 4323 conon
649 4272 685 4339 os
696 4271 845 4340 Bliburgh,
858 4273 961 4339 Staffs..
976 4272 1124 4339 presented
1136 4272 1170 4335 by
1184 4270 1322 4339 Rogerde
1340 4271 1453 4338 Creissy,
1464 4271 1490 4322 is

288 4354 435 4408 instituted
443 4353 555 4407 Moster
563 4354 598 4421 of
604 4353 649 4407 tlte
661 4353 794 4420 Hospitol
802 4356 837 4423 os
843 4355 870 4405 Α
867 4355 968 4421 ymno]

313 4481 430 4544 Frater
447 4481 564 4545 Petrus
584 4481 627 4545 de
649 4481 817 4558 Maidone,
834 4484 1014 4545 canonicus
1033 4483 1077 4545 de
1097 4482 1264 4565 Bliburge‚
1280 4491 1490 4564 presentatus

229 4607 285 4668 per
310 4586 482 4668 Rogerum
499 4584 541 4647 de
569 4585 712 4666 Creissy,
736 4585 918 4648 firmarium
943 4585 986 4648 de
1012 4586 1144 4668 Eynh0‚
1169 4585 1212 4648 ad
1241 4585 1388 4667 regimen
1414 4586 1489 4648 hos-

228 4689 335 4770 pitalis
352 4687 487 4765 ibidem,
503 4688 590 4751 facta
604 4689 693 4771 prius
710 4689 923 4771 inquisitione
945 4711 1003 4771 per
1021 4690 1220 4772 Magistrum
1242 4690 1284 4765 S.‚
1301 4687 1489 4752 Officialem

231 4791 506 4874 Norhamptonie,
530 4811 587 4872 per
610 4811 721 4873 quam,
744 4801 814 4867 etc,
838 4791 879 4853 ad
909 4792 1087 4874 Hospitale
1113 4792 1298 4874 predictum
1324 4791 1490 4854 admissus

228 4906 334 4959 estet
362 4895 394 4957 in
420 4914 496 4957 eam
528 4895 687 4958 canonice
718 4906 824 4957 rector
855 4895 1036 4958 institutus.
1084 4896 1128 4957 Et
1159 4895 1345 4976 injunctum
1377 4905 1428 4957 est
1451 4893 1489 4976 J.,

232 4999 480 5064 Archidiacono
496 4997 527 5060 N
530 4998 773 5080 orhamptonie‚
789 5010 834 5074 ut,
850 5009 910 5062 etc.
