3609 5642
587 534 765 632 Episcopi
788 535 1072 610 Lincolniensis.
1393 560 1455 608 121

194 771 320 834 vicaria
345 770 402 834 illa
426 773 459 835 in
483 781 556 836 toto
581 773 743 856 altaragio
770 772 909 836 ecclesie
936 773 979 836 de
1004 772 1187 837 Welleford
1216 793 1292 836 cum
1323 773 1460 837 minutis

194 874 347 952 decimis,
362 875 453 958 quod
470 877 557 940 valet
581 887 658 940 octo
674 898 801 940 marcas
814 899 821 955 ;
845 887 879 941 et
896 876 1013 941 reddet
1028 877 1170 940 vicarius
1185 877 1314 940 Abbati
1329 887 1363 941 et
1379 899 1457 941 con-

195 975 312 1039 ventui
329 977 521 1039 memoratis
537 987 603 1040 tres
617 998 744 1041 marcas
761 998 903 1054 annuas;
927 986 960 1040 et
977 977 1039 1040 suit
1055 976 1208 1040 ordinata
1218 997 1277 1058 per
1286 977 1460 1041 dominum

196 1076 406 1162 Episcopum
422 1081 620 1144 auctoritate
636 1081 774 1145 concilii.
821 1081 874 1144 De
890 1081 1046 1144 oneribus
1062 1089 1176 1143 tamen
1193 1079 1284 1143 nulla
1306 1081 1394 1145 facta
1409 1091 1462 1145 est

196 1183 326 1246 mentio
342 1185 375 1246 in
392 1184 609 1248 ordinatione.
656 1184 701 1248 Et
717 1184 903 1268 injunctum
919 1194 971 1248 est
992 1185 1040 1262 R,
1053 1183 1196 1249 Officiali
1214 1184 1461 1263 Archidiaconi‚

197 1295 241 1364 ut,
256 1296 320 1350 etc.
368 1287 446 1351 Non
462 1287 624 1352 habemus
640 1288 767 1352 litteras
784 1289 1048 1373 presentationis.

194 1630 334 1699 [Ri'cliard
343 1632 376 1686 de
393 1633 524 1692 Walecot‘,
537 1634 643 1700 acolyti,
655 1633 805 1700 presented
812 1633 846 1701 by
857 1633 1000 1686 Robertde
1013 1633 1146 1696 Chendut,
1159 1633 1339 1687 isinstituted
1352 1640 1379 1687 to
1395 1640 1462 1688 two·

259 1714 354 1767 thirsis
366 1715 403 1783 os
408 1716 454 1768 tite
465 1715 533 1768 titte
543 1716 579 1784 os
585 1715 761 1769 hr'sdemesne
773 1718 804 1768 in
820 1716 895 1768 West
904 1715 1040 1768 Famdnn
1049 1717 1080 1768 in
1092 1715 1245 1783 thepari'slt
1256 1716 1292 1783 of
1302 1715 1463 1785 Woodford-

258 1795 372 1864 Haisa]

283 1912 358 1979 Χ1ῃὲ
379 1930 429 1979 DE
447 1916 807 1980 FARND’.-Rieardus
831 1917 872 1980 de
896 1917 1067 1993 Walecot',
1082 1917 1231 1994 acolitus,
1253 1927 1461 1998 presentatus

197 2041 252 2102 per
278 2021 466 2083 Robertum
491 2020 534 2083 de
559 2020 715 2084 Chendut
740 2021 782 2084 ad
807 2021 891 2084 duas
918 2031 1027 2104 partes
1052 2021 1181 2084 decime
1210 2021 1387 2102 garbarum
1419 2021 1462 2085 de

195 2125 366 2189 dominico
385 2145 446 2187 suo
464 2123 507 2187 de
524 2124 719 2201 Farendun’,
736 2125 823 2188 facta
848 2127 938 2207 prius
964 2125 1177 2207 inquisitione
1202 2145 1261 2207 per
1277 2126 1326 2202 R,
1342 2125 1461 2188 Archi-

195 2227 375 2291 diaconum
396 2227 671 2310 Norhamptonie,
688 2249 745 2310 per
770 2250 880 2310 quam,
896 2239 967 2304 etc,
987 2228 1030 2291 ad
1055 2227 1191 2291 easdem
1216 2227 1382 2290 admissus
1407 2238 1460 2291 est

195 2342 226 2394 et
252 2333 285 2395 in
311 2331 439 2395 eisdem
470 2333 628 2395 canonice
658 2333 837 2395 institutus.
889 2332 935 2394 Et
965 2331 1151 2413 injunctum
1176 2341 1226 2395 est
1248 2332 1297 2409 R,
1317 2331 1462 2397 Officiali

198 2434 434 2498 Archidiaconi
449 2434 724 2518 Norhamptonie,
741 2446 786 2512 ut,
801 2446 862 2500 etc.
911 2437 988 2499 Non
1006 2435 1168 2499 habemus
1184 2436 1311 2500 litteras
1327 2456 1460 2520 presen-

198 2538 344 2601 tationis,

196 2794 339 2860 [William
361 2795 514 2860 Westwell’,
527 2797 605 2860 clerk,
618 2798 643 2850 is
660 2797 806 2851 instituted
821 2802 848 2850 to
864 2797 911 2851 tite
927 2797 1076 2865 charchas
1090 2797 1228 2866 Cosgrove
1239 2812 1276 2850 on
1291 2798 1336 2850 titi
1347 2801 1462 2865 presen-

258 2880 348 2932 tation
359 2879 395 2947 of
401 2878 447 2932 tlte
458 2881 546 2932 Prior
555 2880 592 2948 of
599 2879 645 2933 tlte
655 2880 862 2948 Hospitallcrs]

282 2997 782 3062 COVESGRAVE.—Willelmus
798 2998 987 3076 Westwell‘,
1006 2997 1154 3076 clericus,
1174 3007 1383 3080 presentatus
1403 3019 1462 3081 per

199 3100 345 3164 Priorem
359 3101 825 3184 HospitalisJerosolomitani
842 3103 875 3164 in
889 3102 1014 3184 Anglia
1034 3103 1076 3166 ad
1092 3101 1267 3165 ecclesiam
1283 3103 1326 3166 de
1338 3101 1460 3166 Coves-

197 3223 305 3284 grave,
322 3203 411 3268 sacta
428 3206 518 3288 prius
538 3207 752 3288 inquisitione
773 3227 831 3289 per
847 3206 896 3284 R,
913 3205 1101 3271 Officialem
1119 3204 1356 3269 Archidiaconi
1374 3205 1460 3268 Nor-

197 3306 401 3390 hamptonie,
421 3317 454 3370 et
481 3309 626 3372 Ricardo
652 3309 789 3387 Giffard,
809 3310 936 3385 cleric0,
961 3310 1052 3392 prius
1082 3309 1273 3392 resignante
1303 3306 1459 3390 quicquid

195 3409 274 3490 juris
299 3410 419 3474 habuit
444 3412 478 3474 in
502 3413 620 3476 eadem
646 3413 786 3476 ecclesia
811 3413 861 3476 vel
882 3413 1005 3476 habere
1024 3412 1207 3488 videbatur,
1224 3431 1374 3505 perque,
1389 3421 1460 3489 etc,

197 3513 237 3577 ad
260 3514 404 3578 eandem
430 3514 595 3579 admissus
619 3525 722 3580 estet
742 3517 776 3579 in
796 3537 836 3579 ea
854 3517 1015 3579 canonice
1034 3537 1176 3598 persona
1196 3516 1389 3592 institutus;
1414 3516 1460 3579 ita

199 3625 308 3681 tamen
336 3618 426 3699 quod
452 3618 494 3682 ad
521 3618 717 3682 mandatum
737 3619 865 3682 domini
884 3619 1043 3701 Episcopi
1063 3620 1176 3682 veniat
1195 3617 1401 3682 ordinandus
1427 3619 1460 3681 in

198 3721 447 3785 subdiaconum.
499 3722 544 3786 Et
574 3721 761 3804 injunctum
793 3732 844 3786 est
873 3721 965 3787 dicto
997 3723 1046 3799 R,
1066 3721 1210 3787 Officiali
1238 3723 1393 3805 presenti,
1424 3731 1461 3785 ut

198 3824 378 3887 secundum
410 3824 551 3888 formam
577 3827 783 3909 premissam,
802 3835 873 3902 etc,
892 3826 1082 3908 provisurus
1106 3826 1197 3909 quod
1225 3826 1298 3908 ipsa
1321 3826 1461 3889 ecclesia

199 3947 254 4009 per
269 3928 429 3992 idoneum
445 3928 679 4013 cappellanum
696 3930 827 3993 interim
844 3929 1014 3994 officietur.

197 4269 282 4338 [lotm
292 4273 327 4326 de
337 4272 439 4336 Stokes,
452 4273 621 4339 mideacon,
634 4276 659 4327 is
670 4275 814 4329 instituted
823 4279 850 4327 to
858 4275 904 4328 the
918 4273 1019 4328 cirurch
1029 4274 1065 4342 of
1071 4273 1165 4336 Etton,
1178 4272 1265 4326 onthe
1270 4273 1459 4340 presentatrou

259 4358 293 4422 os
300 4355 333 4408 R.
345 4354 379 4407 de
389 4354 491 4420 Stokes,
503 4358 608 4425 saving
619 4357 664 4410 the
674 4358 768 4426 rights
778 4358 815 4424 of
822 4355 949 4410 Rickarcl
957 4355 1003 4408 tiu
1014 4356 1114 4421 visan]

285 4469 671 4554 ETTONA.-Johannes
696 4471 738 4535 de
764 4472 897 4548 Stokes,
917 4470 1151 4549 subdiaconus
1167 4479 1376 4554 presentatus
1402 4490 1460 4552 per

203 4570 238 4634 R.
254 4572 296 4637 de
308 4573 440 4652 Stokes,
453 4575 602 4653 militem,
614 4575 657 4640 ad
674 4586 888 4659 personatum
905 4575 1044 4639 ecclesie
1059 4575 1102 4638 de
1115 4574 1252 4651 Ettona,
1264 4573 1353 4637 facta
1369 4573 1459 4656 prius

203 4673 412 4757 inquisitione
441 4699 500 4760 per
532 4679 581 4756 R.,
612 4679 798 4744 Officialem
825 4677 1065 4742 Archidiaconi
1096 4677 1372 4760 Norhamptonie,
1402 4696 1461 4759 per

203 4797 308 4859 quam,
322 4790 392 4857 etc,
408 4781 574 4846 admissus
589 4793 641 4847 est
656 4794 690 4847 et
706 4785 739 4847 in
755 4804 795 4847 ea
810 4784 971 4846 canonice
987 4803 1129 4866 persona
1150 4783 1321 4845 institutus
1334 4802 1342 4858 ;
1365 4780 1459 4845 salvo

203 4881 341 4948 Ricardo
365 4886 563 4978 cappellano
585 4887 658 4968 jure
683 4909 752 4965 su0,
777 4889 803 4950 si
834 4888 924 4970 quod
950 4886 1051 4951 habet
1082 4888 1115 4950 in
1140 4886 1290 4968 ejusdem
1321 4884 1459 4948 ecclesie

204 4987 327 5052 vicaria
374 4989 420 5054 Et
435 4989 622 5071 injunctum
638 4992 729 5055 dicto
746 4990 891 5055 Ricardo
908 4990 1052 5056 Officiali
1068 4989 1214 5073 presenti
1231 4999 1275 5067 ut,
1287 4997 1348 5052 etc.
