3609 5642
589 594 766 691 Episcopi
789 592 1072 667 inrcolnz'enszs.
1390 616 1408 663 2
1414 615 1435 685 3
1439 615 1460 685 3

285 832 356 916 [On
372 833 426 897 the
440 834 533 897 dorse
543 834 612 916 :-]

202 942 237 1010 [Α
248 942 410 1005 retnration,
423 956 456 994 as
465 943 497 994 tn
508 942 554 995 no
558 956 631 1009 year
640 944 712 1004 1226,
720 941 847 1010 granted
855 946 883 993 to
895 940 971 993 those
981 940 1046 991 who
1059 940 1129 1007 give
1139 938 1213 991 alnas
1225 944 1252 990 to
1264 937 1460 1007 Rocktngham

265 1023 364 1093 bridge
370 1042 385 1087 ,·
400 1024 478 1093 Aug.
491 1026 532 1085 16,
545 1026 631 1089 ruo]

287 1119 457 1184 Omnibus
479 1130 540 1184 ete
587 1118 757 1202 Quoniam
782 1120 866 1181 inter
886 1138 988 1201 opera
1013 1116 1165 1180 karitatis
1184 1127 1255 1193 etc,
1277 1136 1336 1197 pro
1359 1126 1461 1198 ponte

208 1224 438 1307 Rokingham’,
453 1234 491 1287 ut
509 1242 610 1305 supra
630 1223 664 1285 in
684 1242 774 1285 anno
795 1222 873 1285 xvii.
922 1221 1012 1284 Data
1029 1242 1088 1303 per
1108 1239 1244 1283 manum
1267 1218 1402 1284 Radulfi
1419 1219 1461 1283 de

207 1327 392 1404 Waraville‚
408 1327 558 1390 canonici
578 1326 830 1402 Lincolniensis,
846 1325 935 1408 apud
958 1325 1164 1405 Lidingtone
1183 1323 1462 1407 septimodecimo

206 1430 363 1495 kalendas
379 1430 587 1513 Septembris
605 1428 819 1512 pontificatus
835 1429 940 1491 nostri
957 1449 1047 1492 anno
1063 1428 1230 1493 vicesimo.

207 1702 311 1768 [Noticc
320 1706 384 1755 sent
392 1706 419 1755 to
430 1702 476 1753 ttre
485 1700 660 1769 Archta'shop
671 1702 707 1769 os
721 1700 892 1768 Lantertmy
902 1701 938 1768 os
944 1701 990 1753 tte
1000 1700 1265 1753 excommunicatam
1276 1698 1313 1766 of
1318 1698 1418 1767 Agnes
1429 1697 1462 1751 de

267 1781 422 1851 Haysorde,
434 1798 473 1834 an
483 1785 607 1850 apostate
618 1798 679 1834 nun
690 1782 725 1850 of
734 1780 866 1850 Catesty.]

291 1876 441 1939 Domino
471 1875 703 1940 Cantuariensi
733 1886 794 1939 etc.
839 1875 963 1938 Vestra
994 1876 1124 1939 noverit
1156 1877 1340 1957 paternitas
1370 1876 1461 1958 quod

208 1979 321 2063 Agnes
337 1978 405 2041 lilia
422 1978 557 2042 Ricardi
573 1977 616 2042 de
634 1976 818 2060 Haysorde‚
835 1977 964 2042 dudum
985 1978 1026 2041 ad
1045 1978 1242 2042 instantiam
1259 1999 1354 2041 suam
1371 1977 1461 2063 apud

207 2086 387 2168 prioratum
418 2085 460 2148 de
491 2084 643 2167 Katteby
674 2086 707 2147 in
746 2083 927 2149 monialem
966 2084 1123 2161 admissa,
1149 2083 1380 2166 sollempniter
1417 2084 1462 2147 ibi

206 2189 346 2267 suscepit
371 2189 523 2252 habitum
552 2190 720 2272 religionis
747 2198 781 2252 et
807 2190 854 2252 sic
882 2210 942 2271 per
968 2188 1140 2252 biennium
1164 2198 1199 2252 et
1224 2188 1310 2251 ultra
1334 2207 1461 2251 moram

205 2293 412 2356 continuavit
428 2292 561 2356 ibidem.
608 2291 777 2375 Quoniam
794 2303 908 2356 autem
924 2292 1044 2357 eadem
1060 2292 1104 2356 de
1120 2292 1270 2375 predicta
1285 2292 1387 2355 domo
1403 2312 1463 2355 sua

206 2397 341 2478 maligni
365 2396 500 2479 spiritus
524 2397 683 2461 instinctu
708 2398 827 2461 furtive
852 2397 924 2479 jam
951 2398 1095 2472 recessit,
1118 2407 1152 2461 et
1177 2398 1211 2459 in
1237 2396 1405 2480 religionis
1429 2406 1463 2459 et

204 2500 323 2563 domus
335 2520 395 2563 sue
408 2500 603 2564 scandalum
616 2502 649 2563 in
662 2501 801 2564 seculari
815 2501 932 2565 habitu
945 2501 1137 2565 seculariter
1150 2501 1272 2578 vivens
1282 2501 1463 2583 aliquando

205 2603 237 2666 in
251 2603 357 2667 domo
380 2605 552 2687 patrissui
573 2603 722 2687 predicti,
738 2605 920 2687 aliquando
941 2605 1028 2677 alibi,
1045 2605 1155 2667 minus
1175 2605 1314 2668 honeste
1335 2623 1462 2667 moram

206 2707 310 2771 lacere
327 2708 539 2791 presumpsit,
555 2728 629 2771 eam
648 2717 684 2771 ut
699 2708 884 2772 secundum
901 2708 1028 2771 ordinis
1045 2717 1172 2771 statuta
1187 2708 1326 2771 domum
1344 2707 1465 2771 rediret

206 2811 325 2894 pluries
365 2812 494 2874 moneri
532 2821 566 2874 et
604 2811 752 2887 tandem,
782 2813 861 2895 quia
892 2812 1008 2887 noluit,
1039 2812 1147 2894 ipsam
1177 2810 1463 2875 excommunicari

206 2914 343 2978 lecimus
380 2924 415 2977 et
452 2917 784 2979 excommunicatam
824 2916 957 2999 publice
994 2915 1196 2979 denunciari.
1260 2915 1334 2979 Hec
1365 2913 1465 2997 igitur

206 3020 396 3101 paternitati
425 3030 533 3083 vestre
558 3019 779 3102 significanda
802 3020 973 3097 duximus,
998 3040 1039 3083 ne
1061 3040 1119 3103 per
1143 3020 1249 3103 ipsam
1274 3017 1326 3083 vel
1349 3038 1465 3101 quem·

204 3143 348 3205 cumque
373 3122 467 3185 vobis
493 3122 583 3186 aliud
609 3144 709 3206 super
739 3125 910 3208 premissis
934 3146 979 3187 ex
1010 3134 1107 3207 parte
1138 3145 1198 3187 sua
1229 3131 1464 3206 suggerentem

205 3227 365 3291 sanctitas
381 3237 493 3291 vestra
509 3227 788 3291 circumveniatur
804 3229 836 3291 in
854 3228 916 3291 hac
933 3239 1034 3311 parte.

209 3496 950 3568 meaaammoeaananffffnmmmnas

290 3592 494 3655 Vicecomiti
517 3603 551 3655 et
571 3594 726 3657 universo
746 3594 921 3658 comitatui
944 3593 973 3655 N
978 3594 1222 3675 orhamptonie‚
1241 3593 1383 3657 salutem
1404 3602 1465 3656 etc.

207 3694 327 3759 Sciatis
351 3694 445 3776 quod
471 3695 589 3778 Agnes
612 3706 673 3760 etc.
697 3698 749 3777 (ut
775 3718 877 3780 supra
906 3718 1011 3779 usque
1037 3702 1052 3729 “
1067 3696 1141 3760 Hec
1168 3696 1269 3779 igitur
1280 3695 1318 3778 ”).
1365 3694 1467 3761 Unde

205 3797 346 3861 mndem
366 3796 539 3879 Agnetem
555 3801 884 3864 excommunicatam
897 3800 993 3863 vobis
1004 3800 1256 3875 denunciamus,
1267 3798 1466 3863 mandantes

206 3902 287 3965 etin
308 3898 377 3964 fide
391 3921 459 3983 qua
474 3912 509 3965 et
523 3903 663 3967 ecclesie
678 3906 838 3968 tenemini
856 3903 1070 3987 injungentes
1093 3906 1172 3986 quia
1196 3923 1256 3967 nec
1276 3904 1383 3985 ipsam
1404 3923 1465 3967 nec

207 4005 352 4087 aliquem
370 4024 430 4087 per
445 4004 552 4088 ipsam
569 4006 612 4069 ad
629 4007 764 4089 aliquod
781 4008 942 4091 placitum
959 4009 1106 4071 seculare
1127 4008 1158 4070 in
1177 4007 1338 4070 comitatu
1355 4015 1465 4070 vestro

207 4107 398 4173 admittatis
424 4108 483 4173 sed
507 4130 581 4173 eam
605 4112 936 4175 excommunicatam
959 4111 1122 4175 habentes
1146 4120 1306 4193 tanquam
1329 4130 1465 4174 excom-

208 4211 412 4275 municatam
439 4214 737 4291 cautiusevitetis,
759 4215 867 4279 donec
895 4215 1080 4279 secundum
1112 4214 1238 4278 ordinis
1264 4214 1314 4277 sui
1340 4223 1466 4277 statuta

208 4312 405 4379 beneficium
431 4337 451 4380 a
477 4316 574 4380 nobis
598 4319 754 4383 meruerit
778 4319 1005 4383 absolutionis.
1058 4318 1102 4381 Et
1127 4318 1159 4381 in
1183 4316 1282 4399 hujus
1306 4318 1351 4381 rei
1375 4318 1466 4381 testi·

209 4420 357 4481 monium
374 4418 435 4482 has
452 4419 579 4484 litteras
595 4432 726 4486 nostras
742 4422 837 4486 vobis
852 4422 1015 4487 duximus
1032 4421 1316 4486 transmittendas.

720 4682 860 4747 Annus
883 4696 958 4746 xx1.

293 4763 363 4847 [On
379 4763 433 4827 tlte
439 4766 515 4845 face
526 4766 595 4851 .·—]

209 4870 281 4938 [rte
301 4872 460 4927 institution
483 4873 519 4941 os
541 4874 637 4945 Roget
655 4877 690 4931 de
711 4878 923 4946 Bissopestegtze
951 4883 978 4930 to
1005 4877 1051 4930 tte
1079 4876 1179 4930 cturctr
1208 4875 1244 4943 os
1267 4873 1466 4943 Dastaraagm

264 4954 335 5021 lan.
345 4957 386 5020 πό,
401 4972 486 5023 ‘²3⁰2'
500 4962 662 5026 seep.152.]

297 5048 737 5118 DESEBURG'.-Omnibus
760 5065 821 5119 etc.
877 5054 1018 5119 Noverit
1042 5053 1238 5117 universitas
1265 5060 1375 5115 vestra
1405 5071 1466 5114 nos
