3609 5642
595 553 772 654 Episcopi
806 554 1091 630 Lz'ncolniensis.
1431 559 1478 649 89

212 794 256 862 [F
254 795 353 848 imber
362 794 441 847 letter
449 793 485 861 os
490 793 535 846 the
547 793 654 860 Btshop
665 797 692 846 to
703 793 749 845 the
759 793 846 846 Prior
854 793 890 860 of
895 793 1044 847 Bradwell
1052 793 1190 860 directrieg
1197 793 1257 846 him
1269 799 1297 847 to
1307 794 1396 847 imtol
1398 794 1478 860 John

278 876 313 929 de
326 876 413 929 Colna
425 891 457 928 as
469 875 555 928 Prior
564 877 595 927 in
606 891 666 928 cose
676 875 713 943 os
721 874 768 927 the
778 875 887 928 absence
899 877 935 944 of
941 875 987 929 tlte
997 875 1195 939 Arcadeaconl

303 996 473 1077 Scriptum
489 1006 540 1058 est
556 994 658 1058 etiam
676 1014 736 1075 pro
760 994 989 1058 installatione
1006 993 1156 1076 predicta
1177 995 1280 1056 Priori
1296 994 1338 1058 de
1355 995 1478 1058 Brade-

212 1099 316 1176 welle,
333 1110 369 1162 ut
385 1099 412 1161 si
423 1097 591 1180 predictus
601 1096 855 1161 archidiaconus
869 1117 937 1160 non
955 1098 1138 1181 reperiatur
1148 1099 1181 1161 in
1196 1099 1477 1175 archidiaconatu,

213 1204 295 1286 ipse,
317 1213 492 1285 assumpto
513 1201 642 1265 decano
670 1201 743 1279 loci,
768 1201 956 1284 predictum
982 1199 1178 1265 mandatum
1202 1213 1389 1284 exequatur
1405 1203 1477 1267 vice

214 1307 318 1389 ipsius
334 1306 567 1371 archidiaconi.

531 1442 994 1508 Eumenous-ANNUS
1018 1451 1165 1520 xanu.

213 1571 354 1640 [Wlliam
373 1570 407 1623 de
424 1569 547 1637 Lysun's,
570 1567 738 1630 subdeocon,
762 1583 799 1620 on
820 1567 865 1620 tlte
878 1568 1071 1635 presentation
1088 1567 1124 1634 of
1140 1567 1266 1631 lsabella,
1294 1566 1426 1620 Countess
1447 1568 1483 1636 os

282 1650 398 1722 Oajord,
409 1653 434 1703 is
444 1649 590 1703 eiulatuted
597 1656 624 1703 to
636 1651 681 1703 the
692 1649 792 1703 courel:
805 1651 841 1718 of
850 1650 1019 1718 Calarnea]

304 1752 781 1818 KALVERTON.—Willelmus
797 1752 839 1816 de
858 1752 1005 1834 LysuriS,
1017 1752 1252 1828 subdiaconus,
1266 1760 1476 1834 presentatus

215 1879 274 1941 per
288 1857 473 1932 lsabellam,
486 1856 699 1920 Comitissam
714 1855 859 1924 Oxonie.
871 1857 914 1920 ad
928 1857 1102 1920 ecclesiam
1116 1855 1159 1919 de
1173 1856 1379 1920 Kalvertone
1389 1855 1477 1919 facta

215 1963 306 2045 prius
317 1962 530 2042 inquisitione
541 1983 599 2044 per
612 1961 1087 2037 Matheum,Archidiaconum
1101 1959 1473 2044 Buckinghamiensem,

215 2087 274 2149 per
297 2086 397 2148 quam
415 2087 489 2128 cum
515 2067 687 2149 negotium
710 2076 799 2129 esset
823 2066 855 2128 in
879 2066 1042 2148 expedito
1066 2065 1109 2128 ad
1133 2065 1275 2128 eandem
1299 2064 1474 2128 ecclesiam

215 2169 381 2233 admissus
397 2180 457 2246 est,
472 2178 505 2232 et
526 2170 615 2232 inea
635 2170 795 2232 canonice
815 2189 959 2251 persona
979 2169 1159 2232 institutus.
1208 2168 1254 2232 Et
1278 2168 1475 2232 mandatum

215 2283 267 2336 est
279 2271 388 2336 eidem
402 2272 649 2335 Archidiacono
666 2282 702 2334 ut
719 2273 827 2354 ipsum
842 2272 1049 2336 Willelmum
1067 2270 1204 2336 inducat
1216 2271 1250 2335 in
1266 2271 1472 2355 corporalem

214 2376 356 2440 ecclesie
371 2376 519 2459 predicte
535 2376 787 2458 possessionem.

216 2525 353 2595 [Richard
360 2525 394 2578 de
404 2525 434 2577 la
449 2525 567 2584 Thume.
578 2525 747 2587 subdeooon,
759 2541 795 2578 on
808 2525 853 2578 the
860 2527 1050 2593 presentation
1061 2525 1098 2593 of
1113 2524 1238 2578 Wlliom
1253 2525 1287 2578 de
1298 2523 1478 2587 Meretricis

281 2608 427 2661 instituted
435 2613 463 2661 to
473 2607 518 2660 the
529 2608 630 2661 chrercle
641 2608 677 2675 of
683 2606 862 2676 Hawn'dge.]

307 2708 731 2773 HAURIGGE.-Ricardus
747 2707 790 2772 de
806 2708 838 2770 la
861 2708 1008 2784 Thurne,
1024 2708 1258 2784 subdiaconus
1275 2729 1334 2791 per
1350 2707 1476 2771 Willel-

217 2833 310 2876 mum
343 2813 509 2888 Mauduit‚
539 2813 690 2889 militem,
713 2812 755 2875 ad
787 2812 962 2875 ecclesiam
990 2811 1033 2875 de
1058 2812 1232 2896 Haurigge
1260 2822 1478 2896 presentatus,

218 2916 306 2981 sacta
323 2918 413 2999 prius
426 2917 641 2999 inquisitione
654 2936 712 2999 per
727 2916 911 2992 Matheum,
925 2914 1208 2980 Archidiaconum
1227 2915 1474 2999 Buckingham-

217 3021 355 3096 iensem,
370 3041 431 3103 per
446 3041 558 3102 quam,
573 3031 644 3096 etc,
656 3020 699 3083 ad
716 3019 858 3083 eandem
874 3020 1040 3083 admissus
1049 3032 1110 3096 est,
1121 3029 1182 3084 etc.
1223 3021 1268 3083 Et
1280 3020 1477 3085 mandatum

216 3135 267 3188 est
282 3124 374 3189 dicto
392 3122 641 3187 Archidiacono
658 3134 703 3199 ut,
718 3132 779 3187 etc.

216 3293 374 3363 [Robertde
384 3293 584 3362 Nortiegehom,
596 3293 766 3354 sub-deam,
777 3310 814 3348 on
834 3293 879 3347 the
891 3296 1081 3362 preserttotion
1097 3295 1133 3362 of
1145 3294 1231 3347 Peter
1246 3294 1281 3347 de
1300 3294 1477 3362 Goldington,

282 3376 348 3429 who
360 3375 420 3429 laad
429 3375 574 3429 recovered
583 3375 628 3428 tte
638 3374 790 3429 odvoeoson
802 3381 833 3428 ot
842 3393 860 3428 a
868 3377 969 3445 grand
975 3377 1064 3430 assiu
1074 3377 1163 3446 before
1173 3377 1219 3429 the
1228 3377 1350 3442 sustr'ces
1359 3377 1392 3429 in
1403 3377 1432 3428 E
1426 3391 1479 3444 yre

281 3463 314 3511 at
328 3457 473 3525 Wycombe,
487 3458 512 3510 is
523 3458 669 3511 tinstitutea'
677 3463 704 3512 to
715 3459 761 3511 tlte
771 3459 871 3512 church
880 3460 917 3527 of
922 3457 1005 3512 Stoke
1018 3458 1212 3527 Goldington.]

308 3558 681 3624 STOKEs.—Robertus
700 3559 743 3623 de
768 3560 1006 3644 Notingeham,
1020 3559 1253 3637 subdiaconus,
1269 3570 1479 3643 presentatus

220 3664 262 3728 ad
279 3663 456 3726 ecclesiam
473 3662 516 3726 de
533 3661 656 3728 Stokes
673 3685 731 3746 per
747 3665 882 3728 Petrum
907 3663 950 3728 de
973 3664 1190 3748 Goldington,
1206 3665 1294 3728 sacta
1317 3665 1407 3749 prius
1430 3665 1478 3728 in-

219 3767 400 3850 quisitione
417 3787 474 3848 per
491 3766 675 3843 Matheum,
695 3767 979 3831 Archidiaconum
997 3767 1368 3850 Buckinghamiensem,
1379 3778 1413 3832 et
1429 3789 1477 3832 re-

218 3871 325 3954 ceptis
336 3870 455 3933 litteris
464 3869 591 3933 domini
604 3871 706 3954 Regis
717 3871 807 3953 quod
817 3871 927 3935 dictus
939 3873 1056 3936 Petrus
1066 3872 1108 3935 de
1119 3870 1335 3936 Goudintone
1345 3872 1377 3933 in
1388 3873 1478 3934 curia

218 3973 347 4038 domini
371 3973 475 4056 Regis
500 3993 612 4036 coram
628 3973 825 4054 Justiciariis
841 3977 909 4037 suis
925 3974 1015 4058 apud
1032 3975 1222 4058 Wycumbe
1238 3975 1478 4054 itinerantibus,

217 4077 424 4161 recuperavit
440 4077 595 4140 seisinam
613 4098 707 4141 suam
724 4078 767 4142 de
783 4077 1004 4143 advocatione
1027 4080 1164 4143 ecclesie
1187 4078 1230 4142 de
1255 4079 1377 4144 Stokes
1400 4101 1477 4144 cum

220 4181 432 4265 pertinenciis
456 4201 569 4244 versus
592 4182 739 4244 Priorem
758 4182 1111 4265 Huntingdoniensem
1137 4203 1194 4265 per
1216 4184 1476 4267 recognitionem

219 4306 339 4369 magne
351 4285 455 4347 assise
471 4284 516 4347 ibi
533 4283 610 4348 inde
627 4285 713 4348 inter
728 4307 785 4349 eos
797 4296 943 4368 captam,
955 4287 989 4349 in
1005 4305 1106 4368 quam
1122 4285 1261 4348 assisam
1279 4285 1367 4349 idem
1385 4287 1478 4349 Prior

219 4391 331 4473 posuit
366 4409 411 4465 se,
442 4399 475 4452 et
510 4390 600 4470 quod
636 4410 703 4452 non
743 4391 899 4454 obstante
942 4391 1045 4474 ipsius
1083 4391 1204 4454 Prioris
1241 4390 1478 4455 reclamatione

218 4494 376 4557 dominus
408 4493 595 4575 Episcopus
626 4493 668 4556 ad
707 4494 810 4576 ipsius
852 4495 941 4558 Petri
979 4495 1262 4577 presentationem
1300 4514 1477 4577 personam

219 4599 374 4662 idoneam
391 4596 593 4675 admitteret,
608 4618 667 4680 per
682 4618 747 4680 que
768 4599 939 4682 negotium
956 4609 1027 4662 erat
1044 4599 1076 4661 in
1092 4597 1263 4681 expedito
1275 4597 1318 4661 ad
1334 4598 1476 4662 eandem

218 4702 391 4766 ecclesiam
417 4699 459 4764 de
484 4700 605 4766 Stokes
629 4701 794 4766 admissus
817 4713 868 4767 est
891 4703 984 4766 salvo
1012 4702 1086 4785 jure
1108 4701 1294 4784 cujuslibet,
1321 4702 1411 4766 etin
1438 4724 1479 4766 ea

221 4825 363 4889 persona
379 4805 539 4867 canonice
555 4805 734 4868 institutus.
782 4807 826 4870 Et
844 4806 1040 4871 mandatum
1057 4817 1108 4870 est
1123 4806 1214 4870 dicto
1232 4805 1478 4870 Archidiacono

220 4921 255 4974 ut
271 4911 381 4994 ipsum
397 4907 583 4971 Robertum
607 4909 670 4972 sub
693 4910 799 4973 forma
814 4910 965 4993 predicta
981 4911 1013 4973 in
1029 4911 1169 4974 ecclesie
1185 4909 1332 4992 predicte
1348 4931 1478 4993 posses·

219 5015 347 5080 sionem
364 5009 510 5077 inducat
