3609 5642
333 594 406 664 300
684 572 820 646 Rotulz'
837 571 1012 669 Hugom's
1037 574 1081 647 de
1107 573 1238 648 Welles

332 807 480 876 [Ws'lle'ezm.
493 806 630 875 chaplain.
639 806 790 874 presented
797 807 831 876 by
841 807 887 860 tlte
898 807 988 861 Abbot
997 808 1058 861 and
1069 809 1197 862 Convent
1206 811 1242 878 os
1253 810 1391 875 Lereester,
1403 812 1430 863 e's
1448 811 1594 865 eisstituted

397 888 568 957 ve'oarofSt.
580 888 718 951 Martin's,
732 888 872 942 Leicester.
912 890 938 941 T
934 890 969 943 lte
979 892 1111 959 adcurage
1121 892 1147 944 is
1156 890 1314 961 described]

421 1018 563 1085 Ssucn
607 1016 780 1080 Manum
822 1018 1329 1097 Lamcasama-Willelmus,
1366 1021 1591 1105 cappellanus,

333 1132 543 1206 presentatus
565 1142 623 1203 per
643 1120 814 1185 Abbatem
835 1133 870 1185 et
889 1133 1092 1187 conventum
1115 1124 1312 1188 Leircestrie
1330 1124 1374 1187 ad
1395 1135 1589 1208 perpetuam

333 1227 489 1291 vicariam
505 1225 644 1289 ecclesie
666 1225 781 1290 Sancti
804 1226 941 1291 Martini
964 1227 1168 1304 Leircestrie,
1183 1226 1372 1292 ordinatam
1393 1229 1591 1294 auctoritate

333 1330 483 1407 Concilii,
498 1329 587 1393 iacta
602 1330 694 1412 prius
710 1330 925 1411 inquisitione
942 1350 1000 1413 per
1017 1330 1066 1407 R.‚
1083 1330 1369 1396 Archidiaconum
1387 1333 1592 1413 Ieircestrie,

333 1456 393 1518 per
409 1454 522 1516 quam,
536 1442 608 1509 etc,
623 1431 789 1495 admissus
804 1443 856 1497 est
871 1443 906 1496 et
921 1434 953 1496 in
967 1454 1016 1511 ca,
1028 1454 1104 1497 cum
1121 1454 1222 1499 onere
1236 1446 1272 1500 et
1287 1456 1375 1519 pena
1385 1436 1593 1512 vicariorum,

333 1538 493 1602 canonice
512 1538 654 1601 vicarius
675 1546 857 1620 perpetuus
876 1538 1057 1602 institutus.
1105 1539 1167 1602 Est
1190 1548 1304 1603 autem
1325 1539 1386 1603 hec
1405 1539 1592 1615 ordinatio;

333 1642 473 1705 vicarius
489 1640 626 1705 habebit
641 1640 685 1704 ad
701 1640 859 1704 vestitum
880 1661 977 1704 suum
994 1640 1078 1705 duas
1095 1662 1224 1706 marcas
1239 1662 1369 1707 annuas
1384 1642 1427 1707 de
1443 1642 1591 1726 portion-

333 1747 407 1810 ibus
422 1745 536 1810 altaris
552 1764 611 1827 per
631 1764 768 1808 manum
790 1744 935 1809 Abbatis
955 1746 984 1809 ei
1005 1745 1184 1810 solvendas
1203 1746 1247 1810 ad
1267 1746 1353 1811 duos
1374 1748 1543 1824 terminos,
1558 1757 1591 1811 et

332 1850 443 1933 legata
466 1869 527 1912 sua
549 1868 654 1929 usque
674 1847 716 1911 ad
737 1868 798 1911 sex
815 1847 980 1925 denarios,
995 1860 1029 1913 et
1044 1849 1195 1932 quolibet
1214 1850 1269 1915 die
1288 1850 1466 1934 sollempni
1488 1871 1590 1914 unum

331 1953 514 2017 denarium.
564 1951 712 2015 Habebit
739 1952 841 2015 etiam
868 1953 994 2016 victum
1020 1974 1117 2017 suum
1144 1954 1188 2018 de
1214 1955 1351 2019 abbatia
1376 1956 1408 2018 in
1436 1955 1592 2019 omnibus

332 2059 419 2121 sicut
437 2056 626 2133 canonicus,
646 2065 680 2119 et
699 2054 860 2119 diaconus
880 2076 960 2119 suus
981 2066 1017 2120 ut
1038 2058 1144 2139 major
1167 2060 1313 2122 serviens
1333 2058 1376 2122 de
1394 2058 1539 2135 abbatia,
1559 2068 1593 2123 et

332 2161 507 2226 dimidiam
539 2180 685 2223 marcam
718 2180 777 2242 pro
807 2158 991 2243 stipendiis.
1043 2162 1198 2225 Preterea
1228 2162 1365 2225 habebit
1396 2182 1517 2244 panem
1549 2161 1591 2226 ad

332 2266 523 2349 garcionem
562 2285 659 2328 suum
698 2264 755 2347 qui
792 2264 822 2327 ei
860 2264 988 2327 serviet.
1051 2264 1168 2327 Abbas
1198 2275 1311 2329 autern
1343 2266 1533 2349 providebit
1562 2266 1591 2329 ei

333 2389 487 2433 mansum
515 2376 774 2451 competentem,
800 2378 834 2431 et
860 2366 1038 2432 sustinebit
1067 2388 1170 2431 onera
1200 2368 1287 2433 illius
1314 2369 1453 2434 ecclesie
1479 2369 1594 2433 debita

332 2484 367 2538 et
390 2483 559 2537 consueta„
615 2472 662 2535 Et
689 2472 876 2554 injunctum
903 2482 956 2535 est
981 2470 1072 2536 dicto
1099 2472 1348 2538 Archidiacono
1375 2474 1519 2557 presenti
1549 2483 1595 2559 ut,

332 2590 394 2643 etc.
441 2577 519 2641 Non
535 2576 699 2639 habemus
715 2575 842 2639 litteras
858 2576 1125 2659 presentationis,

333 2944 505 3008 [bertrannus
515 2939 549 2992 de
561 2938 633 3000 Len',
649 2936 797 3005 presented
804 2937 837 3005 by
847 2938 893 2990 tlre
910 2938 997 2990 Prior
1006 2938 1067 2989 ared
1083 2938 1210 2991 Coeeveret
1224 2940 1260 3007 os
1271 2938 1394 3001 hunde.
1407 2940 1431 2991 is
1448 2938 1594 2991 instituted

405 3027 432 3076 to
443 3022 489 3075 tlte
499 3021 599 3075 churclr
610 3021 646 3089 of
651 3020 747 3089 Ashby
757 3019 886 3073 Folm'lle.
922 3020 948 3073 A
956 3020 1074 3087 pensiore
1086 3021 1112 3073 is
1122 3019 1253 3074 reseeved
1262 3024 1289 3073 to
1300 3020 1347 3073 tlte
1359 3020 1488 3085 Canens]

421 3146 809 3213 ESSEBv.—Semannus
839 3145 882 3209 de
913 3146 1003 3225 Leu',
1028 3146 1262 3223 subdiaconus,
1294 3154 1505 3229 presentatus
1537 3168 1595 3231 per

335 3254 482 3318 Priorem
506 3262 541 3316 et
565 3262 767 3315 conventum
794 3249 837 3315 de
865 3249 984 3315 Landa
1006 3252 1049 3315 ad
1073 3251 1248 3315 ecclesiam
1273 3250 1316 3313 de
1342 3250 1483 3333 Esseby,
1507 3250 1595 3315 sacta

334 3357 425 3441 prius
453 3354 667 3437 inquisitione
691 3375 750 3436 per
777 3354 827 3430 R.,
852 3353 1137 3419 Archidiaconum
1167 3354 1373 3431 Leircestrie,
1399 3375 1458 3437 per
1484 3373 1595 3437 quam,

333 3471 405 3536 cte,
431 3457 598 3522 admissus
624 3467 737 3521 estet
769 3458 801 3521 in
832 3478 872 3520 ea
902 3459 1062 3521 canonice
1093 3477 1236 3540 persona
1266 3456 1447 3521 institutus.
1493 3458 1595 3524 Salva

334 3563 460 3628 eisdem
498 3562 668 3625 canonicis
705 3560 821 3625 debita
857 3572 891 3624 et
928 3562 1067 3643 antiqua
1098 3561 1259 3643 pensione
1288 3559 1332 3625 de
1361 3560 1489 3626 eadem.
1551 3562 1595 3625 Et

334 3668 522 3749 injunctum
537 3676 590 3731 est
604 3665 697 3729 dicto
713 3663 952 3729 Archidiaconi
970 3665 1116 3747 presenti
1133 3676 1179 3742 ut,
1194 3674 1256 3729 etc.

423 3952 491 4036 [On
508 3952 561 4017 the
574 3952 667 4015 dorse
679 3952 750 4036 .·—]

336 4086 476 4154 [Richard
499 4085 533 4139 de
560 4084 699 4153 cappella.
723 4085 816 4148 mont,
835 4085 985 4153 presented
1008 4085 1109 4153 hythe
1131 4085 1220 4139 Abbot
1238 4087 1300 4139 and
1320 4086 1446 4139 Conveut
1465 4087 1501 4153 os
1519 4086 1597 4156 Lyre,

401 4168 574 4236 llbrnraredy,
587 4169 613 4220 is
624 4167 769 4221 instituted
776 4168 991 4221 administrator
999 4168 1035 4236 os
1041 4168 1087 4220 the
1098 4168 1182 4222 house
1191 4170 1227 4237 os
1233 4167 1393 4235 Hinckley]

425 4296 590 4360 Ricardus
609 4296 652 4360 de
672 4295 843 4380 Cappella,
859 4295 1054 4373 monachus
1070 4304 1280 4378 presentatus
1300 4314 1359 4377 per
1375 4294 1546 4360 Abbatem
1562 4306 1596 4361 et

336 4410 540 4465 conventum
556 4399 599 4463 dc
620 4398 710 4482 Lyra
729 4399 772 4463 ad
794 4400 1061 4481 procurationem
1082 4398 1204 4462 domus
1223 4397 1266 4462 de
1290 4398 1501 4481 Hiugkeleia,
1517 4410 1596 4467 tunc

336 4504 496 4580 vacantis,
511 4503 600 4568 iacta
620 4504 711 4587 prius
731 4503 947 4586 inquisitione
964 4524 1022 4585 per
1039 4502 1087 4579 R.,
1105 4501 1390 4566 Archidiaconum
1408 4502 1597 4579 Leicestrie,

338 4629 397 4692 per
426 4626 538 4689 quam,
567 4616 638 4683 etc,
664 4605 707 4669 ad
738 4606 1063 4671 administrationem
1094 4604 1245 4686 ejusdem
1276 4604 1444 4670 admissus
1473 4616 1533 4683 est,
1563 4617 1597 4671 et

337 4712 588 4777 administrator
610 4712 643 4773 in
667 4732 707 4774 ea
731 4732 790 4793 per
812 4710 943 4788 librum,
962 4710 1057 4774 sicuti
1082 4710 1184 4773 moris
1206 4720 1266 4788 cst,
1286 4710 1468 4787 institutus
1482 4711 1596 4775 obedi-

337 4818 427 4882 entie
443 4824 654 4880 sacramento
668 4814 900 4897 sollempniter
916 4814 1102 4878 subsecuto.
1150 4814 1195 4878 Et
1217 4814 1414 4878 mandatum
1434 4824 1486 4878 est
1506 4813 1597 4878 dicto

339 4918 586 4984 Archidiacono
602 4928 639 4983 ut
654 4919 781 4984 dictum
799 4920 838 4981 R.
852 4919 1104 5001 incorporalem
1118 4918 1207 4982 dicte
1218 4917 1339 4981 domus
1352 4918 1594 5001 possessionem

338 5024 450 5089 induci
467 5024 574 5087 saciat.
