3609 5642
677 576 813 651 Rutuli
828 577 1005 676 Hugonis
1031 578 1075 651 de
1101 578 1232 652 Welles

327 728 359 733 .—
389 730 421 733 —
442 730 733 736 .—-...—....—.—.
770 731 816 736 -—
832 732 905 736 -.—
955 731 1002 735 -—-—
1049 730 1118 737 -.,..-.-
1307 732 1407 737 ...-
1429 732 1580 737 -..--,--..

327 816 415 880 sacta
426 818 516 900 prius
528 794 742 899 inquisitione
754 837 814 900 per
827 818 876 896 R.,
890 816 1175 882 Archidiaconum
1188 818 1392 895 Leircestrie,
1401 828 1436 881 et
1448 817 1584 881 Abbate

326 920 369 983 de
393 920 500 984 Becco
515 920 661 1003 sigillum
682 942 779 985 suum
797 922 915 986 litteris
938 922 1164 1004 resignatoriis
1179 922 1260 985 dicti
1286 920 1421 985 Ricardi
1441 923 1474 984 in
1492 924 1584 986 testi-

327 1025 476 1086 monium
496 1036 698 1106 apponente,
714 1046 773 1108 per
795 1046 869 1107 que,
884 1033 955 1102 etc,
972 1024 1014 1088 ad
1038 1023 1191 1103 eandem,
1206 1035 1268 1089 etc.
1316 1025 1362 1088 Et
1385 1026 1582 1089 mandatum

326 1137 378 1189 est
399 1126 491 1190 dicto
508 1126 756 1192 Archidiacono
778 1139 823 1206 ut,
839 1139 900 1192 etc.
950 1129 1001 1192 lta
1025 1139 1137 1192 tamen
1161 1127 1252 1210 quod
1276 1127 1417 1192 ecclesia
1435 1128 1584 1211 predicta

326 1250 385 1313 per
394 1230 551 1294 idoneum
569 1232 778 1314 capellanum
791 1232 834 1296 de
846 1232 943 1295 bonis
955 1231 1094 1295 ecclesie
1106 1230 1308 1295 sufficienter
1317 1230 1583 1307 sustentandum,

325 1334 411 1398 sicut
426 1336 582 1414 decuerit,
594 1336 765 1400 officietur.

825 1579 965 1644 Annus
981 1574 1089 1642 xx1¹³t

324 1704 508 1772 [euentu
516 1689 684 1770 altarofst.
697 1704 790 1771 nm,
803 1703 954 1772 namna]

413 1815 471 1878 Da
486 1828 625 1878 nusum
643 1814 796 1879 Saucia
821 1814 950 1878 Manus
967 1830 1068 1879 niun
1091 1816 1523 1897 Renunue.-J0hannes
1541 1815 1583 1880 de

324 1918 495 2001 Guiptone
519 1917 661 1980 contulit
685 1917 760 1981 Deo
779 1928 813 1981 et
831 1917 927 1981 altari
953 1918 1077 1983 Sancte
1106 1918 1212 1981 Marie
1237 1917 1280 1981 de
1305 1918 1473 1981 Redmild’
1497 1918 1582 1982 duos

323 2021 477 2085 selliones
487 2021 520 2084 in
530 2022 695 2085 territorio
705 2021 747 2084 de
758 2020 965 2085 Redmild’in
977 2042 1093 2105 puram
1105 2032 1140 2085 et
1150 2031 1344 2104 perpetuam
1356 2023 1581 2085 elemosinam.

325 2124 488 2188 Ricardus
500 2126 531 2188 le
543 2124 674 2187 Palmer
685 2123 778 2188 dedit
790 2125 881 2189 dicto
893 2126 989 2190 altari
1007 2147 1106 2190 unam
1124 2126 1280 2199 bovatam
1298 2136 1384 2189 terre
1396 2146 1471 2189 cum
1486 2137 1582 2208 prato

322 2237 356 2292 et
373 2249 497 2312 pascuo
513 2230 546 2292 in
563 2230 729 2292 territorio
744 2229 787 2292 de
804 2230 980 2293 Redmild’.
1028 2231 1189 2295 Similiter
1199 2229 1388 2294 Willelmus
1405 2228 1447 2292 de
1465 2228 1497 2291 la
1513 2230 1583 2291 Tur

323 2344 389 2397 tres
405 2333 559 2397 selliones
576 2334 609 2395 in
626 2334 744 2397 eodem
760 2334 933 2397 territorio
982 2336 1142 2417 Rogerus,
1154 2334 1239 2397 filius
1258 2334 1396 2397 Roberti
1410 2332 1582 2414 capellani,

324 2456 427 2500 unum
458 2436 630 2501 sellionem
662 2438 695 2500 in
726 2437 846 2501 eodem
877 2439 1051 2502 territorio.
1110 2439 1263 2521 Rogerus
1287 2438 1330 2501 de
1356 2438 1466 2500 Hotot
1497 2436 1581 2499 duos

323 2540 478 2604 selliones
495 2542 527 2604 in
551 2540 671 2603 eodem
696 2543 868 2605 territorio
916 2543 1079 2607 Osbertus
1104 2544 1268 2625 Caynhou
1285 2562 1389 2605 unum
1406 2540 1579 2604 sellionem

323 2646 356 2708 in
380 2644 499 2708 eodem
527 2645 700 2707 territorio.
760 2646 923 2710 Ricardus
947 2646 978 2710 le
1007 2648 1139 2711 Palmer
1167 2668 1267 2711 unam
1297 2666 1409 2709 acram
1439 2657 1525 2709 tene
1549 2646 1580 2707 in

322 2749 442 2811 eodem
456 2748 632 2812 territorio
677 2749 849 2831 Johannes
866 2748 896 2813 le
909 2750 996 2813 Petit
1012 2770 1113 2813 unam
1131 2769 1252 2812 acram
1259 2759 1344 2812 terre
1359 2758 1393 2811 et
1408 2748 1583 2811 dimidiam

322 2862 357 2916 et
374 2872 474 2915 unam
492 2851 608 2915 rodam
627 2853 659 2915 in
676 2852 794 2916 eodem
812 2854 984 2917 territorio.
1031 2853 1220 2916 Willelmus
1230 2852 1424 2934 capellanus
1436 2864 1582 2933 quatuor

323 2956 477 3019 selliones
509 2965 594 3019 terre
625 2956 658 3018 in
689 2955 808 3019 eodem
840 2958 1014 3021 territorio
1069 2956 1258 3020 Willelmus
1289 2956 1320 3019 le
1352 2957 1484 3019 Palmer
1515 2966 1581 3019 tres

323 3060 477 3123 selliones
501 3070 587 3123 terre
605 3060 637 3122 in
653 3060 773 3123 eodem
797 3060 970 3125 territorio
1019 3062 1179 3143 RogeruS,
1195 3059 1282 3123 filius
1305 3059 1478 3142 johannis
1495 3060 1582 3123 duos

323 3164 479 3227 selliones
502 3174 588 3227 terre
612 3165 645 3227 in
669 3164 788 3228 eodem
812 3166 985 3228 territorio.
1044 3164 1237 3248 Stephanus
1260 3164 1303 3227 de
1331 3164 1363 3226 la
1385 3163 1456 3227 Tur
1481 3184 1580 3227 unam

324 3266 439 3330 rodam
462 3277 547 3330 terre
567 3268 600 3330 in
623 3268 742 3331 eodem
763 3269 936 3332 territorio,
983 3268 1153 3331 Galfridus
1169 3278 1202 3331 et
1220 3267 1353 3330 Alanus
1372 3266 1415 3330 de
1438 3266 1582 3331 Starvile

325 3382 392 3435 tres
409 3369 508 3433 rodas
524 3372 557 3433 in
573 3370 693 3433 eodem
710 3372 883 3435 territorio.
931 3372 1094 3454 Magister
1109 3370 1299 3435 Willelmus
1315 3369 1357 3433 de
1375 3369 1583 3433 Botlessorde

323 3485 401 3539 octo
426 3496 519 3538 acras
547 3484 581 3539 et
601 3475 777 3539 dimidiam
798 3496 909 3539 acram
938 3477 1023 3557 prati
1049 3477 1082 3538 in
1110 3476 1275 3539 territorio
1297 3474 1341 3539 de
1366 3475 1581 3538 Botleslorde.

324 3580 500 3657 Henricus‚
513 3579 600 3643 filius
614 3580 712 3658 Petri,
722 3580 806 3643 duas
818 3601 912 3643 acras
926 3590 1011 3644 terre
1019 3581 1051 3643 in
1062 3579 1180 3644 eodem
1193 3580 1366 3643 territorio,
1411 3578 1582 3660 Johannes

321 3683 365 3747 de
381 3683 566 3749 Saxendal'
582 3705 686 3747 unum
706 3684 879 3748 sellionem
903 3696 989 3747 terre
1013 3684 1045 3747 in
1069 3683 1188 3747 eodem
1213 3684 1386 3747 territorio.
1432 3682 1581 3745 Thomas

322 3785 365 3849 de
387 3787 568 3851 Newerche
593 3808 696 3851 unum
722 3787 895 3852 sellionem
923 3788 955 3851 in
979 3789 1099 3851 eodem
1127 3788 1299 3853 territorio.
1344 3774 1515 3850 ¹Robertus
1539 3786 1581 3850 de

323 3888 495 3954 Offintone
506 3890 592 3953 duos
604 3891 758 3954 selliones
773 3902 859 3955 terre
876 3892 909 3954 in
922 3868 1088 3955 territorio
1098 3891 1140 3955 de
1152 3890 1328 3955 Redmild'.
1376 3890 1581 3972 Reginaldus

322 3993 364 4056 de
386 3994 550 4077 Makesey
571 4015 674 4058 unum
696 3995 868 4058 sellionem
888 4004 975 4059 terre
991 3994 1024 4058 in
1049 3996 1167 4060 eodem
1192 3982 1365 4057 territorio,
1412 3993 1579 4057 Dominus

322 4097 511 4161 Willelmus
533 4098 576 4162 de
600 4098 780 4162 Albiniaco
802 4108 940 4182 quartus
964 4119 1065 4163 unam
1090 4100 1247 4162 bovatam
1272 4108 1358 4161 terre
1380 4117 1457 4159 cum
1485 4106 1581 4180 prato

322 4200 365 4265 de
380 4201 549 4265 dominico
569 4223 630 4264 suo
647 4210 681 4265 et
700 4222 860 4285 pascuum
884 4202 916 4266 in
938 4202 1057 4267 eodem
1080 4201 1254 4278 territorio,
1270 4210 1304 4264 et
1319 4201 1387 4263 duo
1403 4200 1582 4283 mesuagia

321 4324 463 4387 quorum
496 4304 684 4367 Willelmus
715 4304 746 4367 le
777 4303 900 4367 Breton
932 4315 1023 4369 tenet
1055 4325 1157 4367 unum
1189 4306 1222 4366 in
1254 4303 1353 4367 feodo
1387 4324 1448 4386 pro
1477 4304 1581 4368 tribus

322 4407 445 4485 solidis,
460 4419 494 4471 et
517 4407 607 4471 aliud
632 4408 838 4490 mesuagium
864 4417 958 4471 tenet
978 4407 1126 4487 Ywanus
1144 4406 1187 4471 de
1207 4406 1315 4470 Altari
1341 4408 1372 4470 in
1399 4407 1499 4471 feudo
1524 4429 1582 4491 pro

322 4510 453 4576 duobus
476 4511 591 4575 solidis
609 4522 643 4576 et
661 4510 793 4575 duobus
808 4510 961 4575 denariis
1008 4512 1168 4575 Gamelus
1190 4510 1238 4593 xij
1256 4511 1412 4576 denarios
1433 4511 1581 4577 redditus

323 4619 355 4680 in
379 4615 497 4681 eadem
522 4617 600 4680 villa
623 4616 666 4681 de
690 4616 866 4681 Redmild’.
915 4617 1082 4681 Robertus
1106 4616 1149 4681 de
1176 4618 1328 4681 Lentone
1352 4625 1430 4680 octo
1458 4618 1581 4682 solidos

323 4723 471 4788 redditus
503 4725 536 4787 in
567 4722 644 4786 villa
674 4724 717 4786 de
749 4723 932 4787 Lincolnia.
980 4725 1146 4787 Robertus
1171 4724 1214 4787 de
1242 4722 1415 4788 Offintone
1440 4733 1582 4805 quatuor

322 4828 476 4892 denarios
497 4828 646 4892 redditus
670 4830 703 4891 in
720 4828 798 4892 villa
814 4828 857 4893 de
881 4827 1056 4893 Redmild'.
1103 4828 1229 4892 Omnia
1252 4826 1402 4909 predicta
1417 4826 1581 4891 dederunt

321 4951 439 4994 omues
469 4931 608 5013 predicti
640 4932 794 4995 homines
824 4934 919 4996 altari
952 4934 1075 4996 Sancte
1111 4931 1216 4993 Marie
1252 4931 1448 5009 Karitative,
1476 4943 1509 4995 et
1540 4931 1581 4995 de

322 5035 472 5115 quolibet
486 5035 649 5098 donatore
667 5036 770 5099 habet
784 5034 942 5099 dominus
960 5034 1147 5099 Willelmus
1167 5034 1210 5097 de
1232 5034 1423 5117 Albyniaco
1443 5045 1580 5117 quartus
