3609 5642
288 539 333 610 28
629 539 766 616 Rotulz'
788 543 965 640 Hugones
991 544 1035 617 de
1061 544 1193 619 Welles

285 772 428 841 [Wlleizm
437 773 470 827 de
478 774 606 840 Buttmee,
614 776 784 840 sub-deecon,
788 767 937 846 presented
942 779 975 848 by
986 781 1032 834 the
1042 781 1199 834 Anbotand
1204 782 1543 852 ConventofKeynsham‚

349 855 375 907 is
390 856 535 909 instituted
549 859 673 928 ve'caros
687 859 818 929 Bmsord,
832 861 902 914 wri‘h
913 862 958 916 tlte
969 862 1097 932 chapeley
1107 865 1143 933 of
1154 863 1302 918 Fuldrook.
1339 864 1367 916 T
1362 864 1396 917 lte
1412 866 1544 934 mearage

349 936 540 1007 eidesm'bed]

374 1056 590 1122 BUREFORD’
610 1059 992 1144 VlcnRIA.-Magister
1015 1063 1205 1127 Willelmus
1227 1063 1270 1129 de
1295 1065 1450 1142 Buttone,
1466 1065 1543 1129 sub-

284 1160 454 1238 diaconus,
476 1172 686 1244 presentatus
707 1184 765 1246 per
784 1164 957 1229 Abbatem
977 1178 1011 1231 et
1031 1177 1232 1231 conventum
1254 1166 1297 1231 de
1325 1168 1543 1232 Kainesham'

285 1269 327 1328 ad
351 1266 507 1329 vicariam
532 1265 575 1329 de
600 1265 770 1344 Buresord‚
794 1267 882 1332 iacta
905 1268 996 1352 prius
1020 1270 1234 1353 inquisitione
1265 1292 1323 1354 per
1347 1271 1398 1349 A,
1423 1273 1543 1336 Archi·

284 1369 462 1433 diaconum
494 1368 617 1447 Oxon’,
643 1391 701 1453 per
725 1391 837 1453 quam,
859 1383 930 1448 etc,
953 1372 996 1436 ad
1027 1373 1170 1437 eandem
1193 1373 1360 1438 admissus
1382 1385 1443 1452 est,
1465 1397 1542 1440 cum

283 1493 384 1537 onere
413 1482 448 1537 et
478 1493 565 1556 pena
592 1474 796 1538 vicariorum.
843 1475 1005 1541 Consistit
1035 1487 1148 1541 autem
1173 1477 1246 1560 ipsa
1269 1478 1391 1542 vicaria
1413 1479 1447 1542 in
1470 1489 1542 1543 tota

283 1588 370 1641 terra
393 1579 539 1642 matricis
562 1580 700 1644 ecclesie
722 1591 756 1644 et
779 1580 930 1664 cappelle
948 1582 991 1645 de
1016 1581 1179 1646 Fulebroc
1202 1604 1279 1646 cum
1303 1584 1476 1667 mesuagio
1499 1584 1541 1648 ad

282 1677 437 1745 vicariam
455 1683 651 1765 pertinente,
667 1694 701 1748 et
717 1685 749 1748 in
767 1685 923 1749 omnibus
939 1686 1011 1749 aliis
1027 1697 1097 1750 tam
1113 1685 1156 1750 ad
1173 1688 1345 1752 matricem
1365 1687 1541 1752 ecclesiam

279 1799 383 1868 quarn
399 1786 584 1851 addictam
600 1787 786 1871 cappellam
804 1790 1057 1871 pertinentibus,
1073 1791 1225 1874 exceptis
1241 1790 1398 1854 omnibus
1413 1802 1448 1855 et
1463 1791 1542 1854 solis

281 1887 420 1953 decimis
436 1891 612 1973 garbarum
630 1911 706 1956 cum
729 1893 863 1974 capitali
886 1913 1004 1957 manso
1021 1895 1167 1958 matricis
1182 1895 1339 1972 ecclesie;
1358 1906 1393 1959 et
1413 1893 1542 1976 injunc-

281 2003 353 2057 tum
365 1994 517 2058 estdicto
530 1995 693 2078 Magistro
706 1994 842 2072 W.,sub
854 2017 942 2079 pena
954 1997 1106 2061 beneficii
1119 1998 1304 2075 amittendi,
1315 1998 1542 2082 appellatione

281 2108 418 2174 remota,
448 2097 567 2162 eodem
599 2100 631 2162 in
664 2097 697 2161 id
729 2100 971 2179 consentiente,
997 2111 1034 2164 ut
1063 2100 1106 2164 ad
1137 2103 1346 2166 vocationem
1380 2102 1541 2185 Episcopi

280 2202 393 2265 veniat
419 2201 625 2266 ordinandus
648 2203 679 2265 in
705 2200 884 2267 diaconum
915 2215 949 2267 et
979 2204 1026 2268 sic
1051 2204 1196 2282 ulterius,
1221 2206 1438 2288 personaliter
1460 2225 1537 2269 cum

280 2303 418 2368 domino
436 2304 605 2389 Episcopo
622 2306 782 2388 placuerit
798 2306 922 2370 ibidem
941 2306 1206 2384 ministraturus,¹
1223 2319 1258 2372 et
1273 2307 1469 2372 mandatum
1491 2319 1543 2372 est

157 2433 164 2444 ·
280 2407 372 2472 dicto
389 2407 638 2472 Archidiacono
655 2420 701 2486 ut,
716 2421 778 2474 etc.

281 2603 291 2672 [
294 2602 375 2670 John
389 2603 424 2658 de
434 2604 565 2672 Le'mesey,
578 2605 745 2669 wddeacon,
753 2605 903 2672 presented
915 2605 949 2673 by
959 2605 1028 2658 Eva
1045 2605 1079 2658 de
1092 2606 1171 2674 Grey,
1184 2607 1209 2659 is
1225 2607 1372 2660 instituted
1381 2611 1492 2675 parson
1509 2608 1546 2675 os

345 2686 499 2755 Siculone]

368 2806 799 2890 STANLAKE.—Johannes
815 2807 858 2870 de
877 2807 1062 2889 Limeseya,
1078 2806 1311 2884 subdiaconus,
1323 2819 1537 2891 presentatus

281 2930 340 2992 per
354 2909 526 2973 dominam
546 2910 652 2974 Evam
669 2909 712 2974 de
729 2910 818 2992 Grey
834 2910 876 2974 ad
893 2910 1068 2974 ecclesiam
1081 2912 1123 2974 de
1141 2911 1331 2988 Stanlache,
1344 2911 1432 2976 facta
1448 2915 1538 2997 prius

280 3014 494 3096 inquisitione
525 3035 583 3097 per
615 3014 665 3091 A.,
696 3014 981 3078 Archidiaconum
1013 3013 1136 3091 Oxon’,
1168 3037 1226 3098 per
1255 3037 1366 3098 quam,
1396 3028 1468 3094 etc,
1495 3017 1537 3080 ad

279 3117 421 3182 eandem
460 3116 625 3181 admissus
662 3127 723 3195 est,
753 3129 824 3194 etc,
854 3128 888 3181 et
926 3117 1123 3181 mandatum
1154 3129 1206 3182 est
1243 3119 1334 3183 dicto
1362 3119 1539 3185 Archidia·

280 3241 367 3286 cono
384 3231 430 3298 ut,
445 3231 506 3286 etc.

278 3415 402 3485 [Walter
414 3416 448 3469 cle
464 3416 564 3470 Sancto
579 3415 738 3480 Edmnndo,
756 3416 925 3479 suddeacon,
939 3414 1089 3485 presented
1100 3415 1134 3485 by
1150 3416 1196 3469 the
1206 3416 1296 3470 Abho!
1304 3419 1365 3470 and
1375 3418 1501 3472 Conveni
1509 3420 1545 3488 of

343 3496 536 3566 Eynsleom,e's
553 3497 700 3550 eiutitnted
708 3501 816 3566 parson
833 3499 869 3566 of
879 3497 996 3550 Westcot
1004 3497 1122 3557 Baeton,
1133 3497 1204 3550 uon'd
1216 3499 1250 3565 by
1260 3498 1306 3551 the
1318 3500 1495 3567 preserneent
1508 3501 1544 3569 of

342 3579 512 3633 Alexander.
547 3580 673 3634 Richard
681 3581 716 3634 de
726 3580 823 3645 Eston,
842 3579 921 3643 clerk,
933 3594 1084 3632 renonnces
1101 3580 1146 3632 hir
1162 3580 1253 3633 claim.
1291 3581 1413 3634 Thomas
1423 3582 1458 3636 de
1467 3583 1539 3636 Bar-

343 3662 410 3715 thon
421 3664 527 3716 retains
537 3663 582 3716 Ιιίε
592 3664 730 3732 mearage,
743 3663 803 3715 and
812 3663 858 3715 ibe
868 3663 958 3717 Abho!
967 3662 1065 3714 clae‘ms
1074 3678 1092 3714 a
1098 3661 1239 3730 perum]

366 3790 773 3855 BARTONE.-Walterus
794 3790 836 3854 de
858 3790 984 3855 Sancto
1007 3788 1199 3865 Edmund0,
1215 3789 1449 3868 subdiaconus,
1465 3813 1538 3874 pre-

277 3904 428 3960 sentatus
445 3915 503 3978 per
520 3894 690 3958 Abbatem
714 3905 749 3958 et
769 3902 970 3957 conventum
995 3892 1211 3956 Eineshamie
1233 3892 1276 3956 ad
1298 3892 1472 3958 ecclesiam
1495 3895 1538 3958 de

279 3998 385 4062 Parva
402 3999 555 4074 Bartone,
573 4007 747 4061 vacantem
763 3996 904 4079 eoquod
923 3995 1122 4059 Alexander
1134 3995 1253 4059 ultimo
1265 4007 1373 4060 rector
1384 3996 1535 4079 ejusdem

278 4102 368 4166 aliud
399 4103 525 4184 recepit
554 4101 753 4165 beneficium
785 4102 837 4164 cui
868 4121 947 4163 cura
977 4100 1164 4162 animarum
1195 4110 1247 4163 est
1277 4119 1421 4178 annexa,
1446 4101 1537 4166 sacta

276 4206 369 4288 prius
388 4205 604 4288 inquisitione
627 4225 686 4287 per
702 4205 753 4281 A.,
771 4203 1054 4268 Archidiaconum
1072 4203 1195 4278 Oxon',
1210 4213 1245 4266 et
1260 4205 1403 4287 receptis
1419 4204 1536 4269 litteris

276 4309 469 4392 patentibus
501 4306 635 4372 Ricardi
659 4308 701 4371 de
736 4309 861 4385 Eston’,
876 4307 994 4384 clerici,
1014 4308 1104 4390 prius
1127 4305 1169 4370 ad
1195 4307 1337 4372 eandem
1361 4309 1535 4373 ecclesiam

276 4413 467 4495 presentati,
488 4433 546 4494 per
565 4432 648 4494 quas
669 4412 951 4494 presentationem
968 4411 1011 4474 de
1032 4412 1104 4494 ipso
1124 4411 1246 4474 factam
1268 4410 1310 4474 ad
1331 4411 1474 4475 eandem
1502 4414 1535 4476 in

276 4536 395 4580 manus
414 4516 541 4580 domini
560 4516 718 4598 Episcopi
735 4536 816 4597 pure
835 4525 869 4579 et
890 4515 1042 4577 absolute
1062 4514 1249 4593 resignavit,
1267 4533 1325 4595 per
1343 4535 1445 4596 quam
1464 4526 1535 4592 etc,

275 4619 318 4683 ad
336 4619 442 4703 ipsam
464 4620 630 4683 admissus
649 4632 709 4697 est,
724 4630 759 4684 et
781 4620 817 4704 in⁸
838 4640 878 4683 ea
899 4619 1059 4682 canonice
1080 4636 1222 4699 persona
1242 4617 1423 4695 institutus,
1439 4620 1534 4682 salva

276 4724 407 4787 Thome
430 4723 473 4788 de
497 4722 654 4787 Barthon’
677 4722 851 4806 capellano
874 4721 995 4784 vicaria
1018 4740 1078 4782 sua
1099 4739 1199 4801 quam
1223 4717 1326 4783 habet
1349 4720 1381 4783 in
1405 4722 1534 4800 eadem,

275 4828 332 4910 qui
351 4827 487 4910 quidem
513 4837 618 4890 totam
641 4825 732 4890 illam
754 4826 927 4890 ecclesiam
951 4822 1076 4886 tenebit
1098 4821 1342 4904 quoadvixerit,
1362 4825 1533 4889 reddendo

744 5023 752 5052 ¹
768 5027 782 5051 ⁴¹
792 5017 986 5083 Ministratufl',
1002 5018 1064 5071 MS.
