3609 5642
596 565 775 663 Episcopi
797 564 1082 639 Lencolm'ensis.
1403 568 1470 637 281

209 803 349 885 eoquod
369 803 536 877 Henricus
548 803 591 867 de
607 804 802 887 Campania,
815 804 963 882 clericus,
976 805 1133 889 proximo
1149 824 1291 887 persona
1307 804 1340 867 in
1356 804 1475 869 eadem

211 918 285 991 post
309 909 499 973 Concilium
530 909 572 972 ad
603 909 780 973 ecclesiam
807 907 850 973 de
874 908 1031 973 Eketone
1057 920 1108 973 est
1135 907 1301 972 admissus
1324 918 1358 973 et
1381 910 1414 971 in
1437 929 1478 972 ea

211 1031 352 1093 persona
391 1012 571 1089 institutus,
602 1012 692 1076 lacta
731 1013 821 1096 prius
860 1034 919 1095 per
958 1011 1242 1076 Archidiaconum
1282 1012 1478 1076 Leircestrie

211 1116 435 1197 inquisitione,
450 1137 509 1199 per
524 1121 638 1198 quam,
653 1126 727 1194 etc,
742 1116 909 1180 admissus
925 1126 976 1181 est
991 1126 1025 1181 et
1041 1116 1074 1179 in
1096 1137 1136 1179 ea
1155 1116 1314 1179 canonice
1335 1136 1478 1199 persona

211 1219 391 1296 institutus
406 1240 483 1283 cum
499 1240 586 1303 pena
603 1220 887 1284 incontinentibus
908 1218 1041 1283 inflicta.
1091 1218 1282 1300 lnjunctum
1302 1228 1353 1283 est
1373 1220 1476 1283 etiam

209 1323 239 1387 ei
262 1333 298 1386 ut
322 1322 367 1387 ad
391 1325 564 1406 proximos
587 1324 721 1388 ordines
743 1325 856 1388 veniat
879 1324 913 1388 in
937 1323 1180 1387 subdiaconum
1203 1322 1419 1401 ordinandus,
1443 1333 1478 1387 et

210 1426 299 1509 quod
316 1425 360 1491 ad
376 1426 521 1491 officium
545 1428 683 1491 ecclesie
706 1448 765 1491 sue
788 1428 946 1491 idoneum
971 1427 1118 1491 inveniat
1141 1426 1384 1510 cappellanum.
1431 1426 1477 1489 Et

211 1530 408 1594 mandatum
438 1541 490 1594 est
519 1531 611 1595 dicto
642 1531 890 1596 Archidiacono
913 1531 1003 1613 quod
1027 1529 1211 1595 secundum
1236 1529 1378 1594 sormam
1404 1550 1476 1613 pre-

210 1634 357 1712 missam,
371 1644 433 1699 etc.
1340 1655 1343 1663 ·

210 1924 357 1993 [Willrisrn
370 1924 508 1992 chaplar'n,
515 1925 664 1993 presented
671 1925 705 1993 by
715 1926 762 1978 the
772 1925 899 1978 Prioress
911 1924 972 1978 and
981 1924 1065 1977 Nuns
1079 1925 1115 1993 of
1129 1924 1246 1992 Catesby,
1264 1923 1440 1987 Nortkunts,
1453 1924 1478 1977 e's

272 2006 421 2061 instatuted
427 2008 508 2061 vicar
516 2008 552 2075 of
562 2007 658 2075 Astrby
669 2006 790 2077 Magna.
828 2007 885 2060 The
895 2008 1028 2076 vrearage
1038 2008 1063 2059 is
1074 2006 1233 2076 described]

299 2136 464 2202 V1cnnm
488 2150 538 2199 ns
571 2136 703 2201 Essem
734 2150 933 2201 onurunrn
956 2148 1224 2201 nucrorunrre
1248 2134 1476 2199 Concini-

210 2239 408 2317 Willelmus,
426 2240 651 2323 cappellanus,
671 2248 881 2322 presentatus
902 2260 961 2323 per
984 2240 1178 2303 Priorissam
1199 2248 1234 2303 et
1253 2237 1415 2301 moniales
1433 2237 1477 2301 de

210 2343 349 2426 Kateby
364 2342 406 2407 ad
423 2344 579 2408 vicariam
595 2342 639 2407 de
663 2343 803 2427 Esseby,
819 2343 908 2407 lacta
931 2344 1021 2427 prius
1044 2342 1258 2425 inquisitione
1282 2362 1340 2425 per
1358 2339 1477 2405 Archi·

209 2448 390 2511 diaconum
422 2447 628 2525 Leircestrie,
656 2459 728 2525 etc,
757 2448 925 2511 admissus
955 2457 1008 2511 est
1043 2458 1078 2511 et
1115 2447 1257 2511 vicarius
1295 2454 1478 2529 perpetuus

210 2553 390 2616 institutus.
437 2552 483 2615 Et
498 2552 636 2616 habebit
652 2552 715 2616 sibi
730 2562 765 2617 et
780 2553 900 2616 clerico
916 2573 977 2615 suo
1000 2552 1137 2616 nomine
1152 2551 1273 2615 vicarie
1289 2570 1347 2614 sue
1368 2559 1477 2613 totum

208 2655 408 2739 altaragium
432 2656 536 2738 ipsius
558 2656 705 2731 ecclesie,
721 2666 755 2719 et
778 2674 882 2718 unum
908 2656 1113 2737 quartarium
1138 2654 1295 2718 frumenti
1317 2662 1352 2718 et
1374 2653 1477 2716 alium

209 2759 252 2823 de
275 2758 379 2823 ordeo
402 2760 586 2836 annuatim,
610 2769 645 2823 et
671 2758 851 2843 forragium
879 2758 921 2822 ad
948 2759 1145 2842 palefridum
1173 2780 1281 2836 suum,
1307 2768 1341 2822 et
1371 2757 1478 2821 solvet

210 2863 382 2927 sinodalia
429 2863 587 2928 Mansum
619 2864 768 2927 nondum
795 2862 857 2927 suit
879 2863 1096 2945 assignatum.
1144 2862 1190 2926 Et
1213 2859 1401 2944 injunctum
1425 2868 1477 2924 est

211 2966 355 3031 Officiali
372 2966 415 3030 ad
430 2966 593 3051 ord[ines]
611 2966 817 3044 Leircestrie,
831 2977 893 3032 etc.

209 3311 315 3380 [Ralplr
326 3311 362 3364 de
372 3311 406 3364 K
402 3311 530 3372 necem.
542 3312 621 3370 clerk.
633 3312 783 3379 presented
797 3311 831 3381 by
842 3312 887 3364 tlte
905 3312 992 3365 Prior
1000 3312 1061 3365 and
1076 3311 1202 3365 Conment
1214 3311 1250 3379 os
1261 3308 1385 3372 Lauren
1403 3309 1480 3377 after

272 3411 291 3448 a
301 3394 412 3463 dispute
422 3394 505 3447 about
514 3394 560 3448 the
564 3398 731 3463 patronage,
742 3395 767 3447 is
777 3394 924 3448 instituted
932 3399 960 3446 to
971 3394 1017 3447 tne
1027 3394 1129 3447 chnrch
1140 3394 1176 3461 of
1189 3392 1305 3461 Oadby]

297 3521 734 3605 HOUTHEBv.-Magistcr
757 3521 923 3585 Radulsus
946 3521 990 3585 de
1015 3520 1210 3597 Kirketone,
1232 3519 1380 3595 clericus,
1404 3537 1476 3601 pre-

209 3633 360 3689 sentatus
390 3645 450 3708 per
481 3625 627 3690 Priorem
652 3635 687 3689 et
714 3634 916 3690 conventum
942 3624 985 3687 de
1011 3623 1131 3688 Landa
1155 3622 1198 3687 ad
1229 3622 1405 3687 ecclesiam
1433 3621 1476 3685 de

212 3729 382 3812 Houteby‚
407 3728 495 3793 sacta
526 3730 616 3814 prius
647 3730 862 3812 inquisitione
893 3749 953 3811 per
985 3728 1034 3805 R,
1066 3727 1352 3791 Archidiaconum
1385 3724 1476 3789 Leir-

208 3833 335 3911 cestrie,
349 3844 422 3911 etc,
436 3845 470 3898 et
486 3835 650 3917 susceptis
670 3834 789 3897 litteris
803 3833 933 3897 domini
957 3832 1060 3916 Regis
1076 3830 1167 3915 quod
1190 3831 1283 3894 Prior
1297 3830 1340 3894 de
1358 3827 1477 3894 Lenda

209 3939 417 4022 recuperavit
439 3938 695 4002 advocationem
719 3936 870 4020 ejusdem
894 3936 1034 4001 ecclesie
1056 3956 1171 3999 versus
1195 3934 1357 4011 Sibillam,
1373 3932 1475 3999 filiam

210 4040 338 4118 Sawal',
357 4062 416 4125 per
439 4041 578 4105 assisam
605 4041 721 4104 ultime
746 4040 1004 4124 presentationis
1032 4039 1064 4101 in
1094 4038 1184 4101 curia
1208 4028 1336 4102 domini
1365 4037 1476 4120 Regis,

209 4156 279 4221 etc,
301 4145 469 4208 admissus
491 4153 543 4208 est
566 4153 601 4209 et
623 4164 767 4227 persona
790 4144 970 4207 institutus.
1019 4140 1064 4205 Et
1089 4140 1285 4206 mandatum
1310 4149 1362 4204 est
1384 4138 1476 4204 dicto

210 4247 468 4325 Archidiacono,
482 4257 545 4312 etc.

209 4529 345 4600 Rogerde
364 4528 506 4600 Sndsolke,
520 4530 600 4593 clert,
608 4528 757 4598 presented
768 4529 802 4597 by
819 4528 865 4581 the
883 4528 1041 4582 Pnirrand
1055 4528 1181 4581 Convent
1191 4526 1227 4594 of
1239 4524 1361 4589 Belvoir,
1374 4524 1473 4587 Lines..

270 4611 453 4759 umqnnskstttpted
461 4615 488 4665 to
499 4612 546 4667 tlte
556 4611 657 4665 clererch
667 4612 704 4679 os
716 4610 849 4665 Redmile.
887 4609 944 4664 The
954 4608 1189 4676 annentpermbn
1200 4608 1226 4660 is
1240 4605 1371 4660 reserved
1385 4610 1412 4660 to
1429 4606 1475 4659 tlte

296 4798 684 4879 REMILDE.—Rogerus
713 4795 757 4859 de
787 4792 960 4870 Sudsolke,
990 4792 1137 4869 clericus,
1168 4800 1378 4875 presentatus
1416 4810 1476 4873 per

210 4902 358 4966 Priorem
379 4911 413 4966 et
433 4910 634 4965 conventum
660 4900 703 4964 de
723 4899 863 4963 Belvero
881 4898 925 4962 ad
945 4896 1121 4961 ecclesiam
1141 4893 1184 4959 de
1205 4894 1367 4971 Remilde,
1386 4894 1474 4958 facta

211 5005 301 5089 prius
317 5004 531 5087 inquisitione
547 5024 607 5087 per
624 5004 673 5083 R,
690 5001 975 5068 Archidiaconum
1002 5000 1206 5077 Leircestrie,
1222 5008 1293 5075 etc,
1308 4997 1475 5062 admissus
