3609 5642
634 573 813 672 Episcopi
835 575 1118 649 Lz'ncolnz'ensz's.

244 721 310 727 ——·—
332 721 375 727 -—--
406 723 507 728 -—-———-
618 727 756 732 —..-
811 728 903 732 ——
950 729 1001 733 —.
1068 725 1343 733 .-—.—..—--—-——A
1364 729 1368 733 .
1389 727 1494 734 ὴ-

241 809 421 873 institutus.
468 811 667 876 Mandatum
684 824 735 878 est
747 826 859 879 autem
877 815 1125 879 Archidiacono
1142 814 1292 899 predicto
1303 815 1394 897 quod
1411 815 1497 879 circa

240 913 501 977 installationem
526 915 628 998 ipsius
654 917 745 998 quod
768 939 865 982 suum
889 931 942 982 est
963 929 1159 1002 exequatur,
1179 929 1214 983 et
1237 917 1424 1000 injunctum
1446 928 1499 983 est

241 1017 414 1101 Suppriori
431 1019 520 1082 dicte
535 1019 656 1084 domus
672 1024 826 1104 presenti,
839 1034 875 1087 ut
893 1025 955 1106 ipsi
972 1034 1131 1106 tanquam
1151 1024 1253 1086 Priori
1270 1023 1497 1086 suodecetero

239 1122 284 1184 sit
301 1122 476 1186 intendens
491 1133 526 1186 et
541 1124 701 1188 obediens
716 1137 751 1189 et
766 1127 829 1190 hoc
846 1127 935 1191 idem
957 1128 1135 1190 conventui
1160 1126 1313 1209 injungat
1336 1148 1380 1189 ex
1404 1136 1498 1208 parte

241 1224 370 1289 domini
388 1227 547 1310 Episcopi
563 1229 639 1291 viva
654 1250 742 1293 voce.
900 1213 903 1222 ¹
1469 1235 1475 1244 '

707 1333 847 1398 Annus
875 1334 1032 1398 XXllll.

238 1452 352 1521 [Robert
371 1454 400 1507 la
425 1455 521 1519 Waer’,
546 1456 713 1520 stebeteacon,
735 1457 882 1525 presented
909 1458 942 1526 by
972 1458 1073 1511 Letitia
1100 1459 1134 1511 de
1159 1458 1272 1521 Satseto,
1302 1460 1328 1511 is
1355 1457 1502 1511 instituted

299 1539 407 1603 parson
418 1537 454 1604 os
464 1537 649 1606 Keiidington.
683 1539 729 1592 He
741 1541 765 1592 is
778 1544 805 1592 to
816 1539 915 1593 attend
923 1541 969 1593 tlte
979 1541 1107 1607 celicola]

328 1657 808 1723 CUDINGTONE.-Robertus
835 1659 867 1722 la
895 1658 1010 1737 Warr',
1025 1660 1259 1736 subdiaconus
1283 1668 1495 1741 presentatus

241 1779 301 1840 per
329 1759 485 1823 Letitiam
513 1760 556 1824 de
581 1761 714 1827 Salseto
740 1763 783 1827 ad
806 1763 981 1828 ecclesiam
1005 1764 1048 1828 de
1071 1763 1272 1840 Cudintone,
1295 1763 1384 1827 sacta
1408 1764 1498 1846 prius

239 1862 454 1944 inquisitione
471 1885 529 1947 per
547 1865 669 1942 Adam,
688 1867 971 1931 Archidiaconum
988 1868 1111 1945 Oxon',
1127 1888 1302 1950 perquam
1318 1888 1394 1931 cum
1417 1866 1493 1950 [sic]

239 1967 412 2049 negotium
429 1979 516 2032 esset
533 1969 565 2031 in
582 1969 752 2052 expedito,
768 1970 810 2034 ad
834 1971 977 2036 eandem
1001 1971 1175 2035 ecclesiam
1199 1970 1367 2035 admissus
1389 1979 1441 2034 est
1463 1979 1498 2034 et

239 2070 274 2132 in
294 2091 334 2134 ea
353 2072 512 2135 canonice
532 2093 673 2155 persona
693 2075 872 2138 institutus.
921 2074 966 2138 Et
986 2074 1183 2138 mandatum
1203 2083 1256 2138 est
1270 2073 1362 2137 dicto
1378 2073 1497 2137 Archi-

239 2173 384 2238 diacono
399 2186 436 2239 ut
451 2178 657 2258 corporalem
674 2178 822 2259 predicte
837 2178 977 2242 ecclesie
993 2178 1237 2261 possessionem
1254 2176 1377 2240 habere
1399 2176 1499 2241 laciat

238 2278 350 2344 eidem
384 2280 541 2356 Roberto,
571 2282 623 2344 cui
658 2281 844 2364 injunctum
876 2294 927 2346 est
965 2282 1055 2365 quod
1093 2281 1200 2345 scolas
1238 2279 1426 2363 frequentet
1464 2291 1499 2344 et

240 2381 401 2448 addiscat.

241 2551 386 2618 [Wlltnm
406 2554 441 2607 de
460 2555 582 2618 Fenton',
601 2554 740 2622 cnnplae'n,
751 2557 901 2624 presented
914 2557 949 2625 by
962 2556 1007 2610 tlte
1024 2557 1112 2610 Pn'or
1125 2555 1186 2608 ared
1202 2555 1372 2623 Conventos
1383 2554 1498 2617 Neston,

311 2635 447 2699 casae,
460 2637 485 2689 u
495 2636 906 2706 amnemamnem]

331 2756 770 2820 l'ERITONE.—Willelmus
786 2757 828 2820 de
843 2757 992 2833 Fenton’,
1003 2756 1205 2840 capellanus,
1217 2763 1428 2838 presentatus
1439 2774 1500 2837 per

242 2859 389 2923 Priorem
406 2871 440 2924 et
456 2871 657 2924 conventum
675 2861 717 2924 de
732 2861 883 2924 Nortone
895 2861 938 2924 ad
951 2861 1107 2924 vicariam
1125 2860 1264 2924 ecclesie
1275 2860 1318 2923 de
1336 2860 1500 2935 Peritone,

240 2963 331 3027 lacta
356 2963 446 3047 prius
466 2964 689 3046 inquisitione,
716 2985 775 3046 per
800 2983 912 3046 quam,
936 2974 1007 3041 etc,
1033 2966 1076 3029 ad
1095 2963 1238 3028 eandem
1263 2963 1418 3027 vicariam
1442 2961 1500 3026 ad·

240 3069 363 3132 missus
385 3079 446 3145 est,
462 3089 537 3131 cum
562 3087 662 3132 onere
685 3077 719 3132 et
743 3088 829 3152 pena
851 3069 1060 3146 vicatiorum,
1075 3079 1147 3145 etc,
1162 3080 1196 3132 et
1220 3068 1418 3132 mandatum
1446 3075 1498 3130 est

240 3171 333 3236 dicto
352 3171 598 3235 Archidiacono
615 3183 659 3248 ut,
674 3183 735 3237 etc.

237 3358 381 3427 [Geoffrey
392 3357 426 3411 de
441 3359 543 3413 sunto
559 3357 716 3427 Leodegat',
728 3359 896 3423 suideacon,
904 3359 1054 3428 presented
1068 3359 1101 3427 by
1114 3357 1226 3424 Jordan
1243 3357 1277 3424 de
1293 3357 1459 3420 Satekeoille,
1473 3357 1500 3409 is

306 3440 450 3493 instituted
454 3444 562 3508 parson
572 3443 608 3510 of
614 3441 821 3511 Emnu'ngton.]

330 3559 745 3625 EMvTONE.-Galsridus
760 3560 803 3624 de
820 3561 946 3626 Sancto
969 3559 1160 3642 Leodegar',
1175 3559 1407 3634 subdiaconus,
1424 3578 1498 3641 pre-

239 3673 391 3727 sentatus
416 3683 476 3744 per
501 3662 686 3745 Jordanum
714 3664 757 3727 de
782 3663 962 3729 Saulrevill'
988 3664 1032 3728 ad
1056 3663 1231 3727 ecclesiam
1254 3662 1297 3725 de
1328 3662 1497 3737 Emitone,

240 3767 330 3830 lacta
353 3767 443 3849 prius
469 3767 682 3848 inquisitione
709 3786 768 3850 per
785 3767 835 3843 A,
853 3766 1136 3831 Archidiaconum
1163 3765 1285 3842 Oxon’,
1301 3786 1360 3848 per
1385 3784 1497 3847 quam,

239 3881 312 3947 etc,
327 3869 370 3934 ad
393 3869 535 3934 eandem
558 3870 724 3934 admissus
747 3880 892 3948 estete,
908 3880 943 3935 et
966 3869 1163 3934 mandatum
1186 3879 1238 3934 est
1253 3867 1363 3933 eidem
1380 3867 1498 3931 Archi-

238 3973 385 4038 diacono
401 3983 447 4048 ut,
461 3983 523 4038 etc.

238 4143 390 4214 [Rogerde
406 4142 561 4206 Ellendon’,
574 4142 712 4210 chaptaen,
722 4143 872 4210 presented
886 4143 919 4212 by
935 4143 980 4195 the
995 4142 1150 4196 Pnorand
1161 4141 1287 4195 Convent
1295 4143 1331 4210 os
1335 4140 1376 4195 St.
1389 4139 1499 4193 Fniies-

306 4225 385 4288 weite,
398 4227 423 4278 is
433 4223 579 4277 tintituted
586 4225 667 4277 vicar
676 4227 711 4294 of
717 4224 858 4294 Elsfielci]

330 4344 761 4426 EISEFELDE.—Rogerus
773 4344 816 4408 de
831 4343 1016 4421 Ellendon’,
1028 4343 1229 4426 capellanus,
1244 4340 1494 4426 [presentatus]¹

240 4470 300 4533 per
312 4449 459 4512 Priorem
475 4459 509 4511 et
522 4457 724 4512 conventum
743 4448 866 4513 Sancte
884 4447 1125 4512 Fretheswitlre
1141 4446 1263 4522 Oxon',
1278 4447 1321 4509 ad
1337 4445 1495 4508 vicariam

238 4552 378 4616 ecclesie
405 4551 448 4614 de
475 4550 651 4626 Elsefelde,
678 4550 764 4614 facta
797 4551 885 4633 prius
916 4551 1130 4633 inquisitione
1161 4569 1220 4631 per
1244 4548 1295 4625 A,
1322 4547 1498 4611 Archidia-

239 4675 362 4719 conum
380 4653 502 4730 Oxon’,
516 4675 575 4736 per
589 4674 700 4735 quam,
716 4666 787 4731 etc,
802 4653 844 4717 ad
868 4654 1011 4718 eandem
1035 4654 1201 4717 admissus
1222 4661 1274 4715 est
1296 4671 1372 4713 cum
1398 4670 1499 4713 onere

239 4771 274 4826 et
312 4780 399 4843 pena
432 4759 640 4835 vicariorum,
663 4768 735 4835 etc,
759 4768 794 4822 et
821 4759 1018 4822 mandatum
1049 4768 1101 4822 est
1126 4757 1218 4821 dicto
1250 4754 1498 4818 Archidiacono

240 4877 287 4940 ut,
303 4875 365 4928 etc.

776 5035 784 5064 ²
798 5034 853 5086 Not
866 5035 893 5085 in
908 5034 969 5088 MS.
