3609 5642
601 572 780 669 Episcopi
802 572 1087 645 inrcolniensr's.
1406 594 1471 646 201

211 834 349 875 suorum
379 813 516 875 nomine
543 813 694 896 perpetui
719 812 870 876 beneficii
896 812 1138 897 percipiendos,
1165 834 1232 877 una
1257 835 1332 877 cum
1360 814 1477 877 decem

215 916 334 980 solidis
366 918 488 980 annuis
517 938 603 998 quos
632 918 713 980 dicti
746 917 864 980 Abbas
894 927 929 980 et
958 928 1143 981 conventus
1175 920 1264 1002 prius
1291 919 1333 982 de
1360 919 1478 983 eadem
1564 950 1566 954 ·

210 1022 355 1085 ecclesia
370 1022 541 1104 percipere
556 1032 809 1096 consueverunt,
825 1021 952 1085 scilicet
968 1020 1011 1084 ad
1029 1021 1150 1085 festum
1169 1022 1284 1087 Sancti
1303 1022 1479 1087 Michaelis

210 1126 329 1189 decem
355 1125 482 1189 solidos
497 1136 531 1188 et
547 1124 590 1188 ad
616 1126 743 1189 Pascha
766 1125 883 1189 decem
908 1125 1053 1199 solidos;
1078 1126 1186 1203 salviS,
1209 1136 1270 1199 etc.
1317 1126 1418 1209 Quod
1444 1138 1480 1190 ut

210 1230 285 1313 [etc.
303 1229 460 1311 sealing]
504 1230 662 1293 Testibus
684 1237 718 1291 et
742 1230 831 1304 data,
849 1241 1001 1313 utsupra
1025 1230 1058 1292 in
1082 1241 1173 1294 carta
1188 1230 1231 1294 de
1255 1230 1478 1313 Burringham

211 1333 243 1395 in
259 1332 539 1396 archidiaconatu
557 1334 678 1397 Stowe.

210 1611 216 1676 l
226 1615 281 1669 ΤΙιι
291 1616 455 1668 instr'tuttim
465 1618 501 1683 of
507 1616 640 1668 nacholas
650 1616 684 1669 dc
694 1616 814 1668 Brenute
826 1622 853 1668 to
864 1616 910 1668 tlte
922 1617 1021 1670 clrurclr
1034 1617 1069 1685 os
1079 1616 1276 1685 Gerblr'ngton,·
1286 1632 1329 1669 sec
1336 1621 1366 1685 p.
1380 1616 1447 1684 Δια]

299 1727 786 1802 6ΕΙῡΙΝΤοΝΕ.-Οηῑιιίἰ)υ5,
801 1737 863 1791 etc.
912 1728 1051 1792 Noverit
1067 1729 1265 1792 universitas
1288 1739 1398 1792 vestra
1417 1748 1478 1791 nos

214 1830 255 1893 ad
282 1831 571 1913 presentationem
597 1830 724 1894 domini
753 1831 864 1913 Regis,
889 1832 1021 1913 patroni
1046 1832 1184 1895 ecclesie
1211 1832 1253 1895 de
1279 1831 1481 1908 Geidinton’,

214 1933 378 1997 dilectum
404 1934 437 1996 in
465 1934 599 1998 Christo
626 1934 730 1997 filium
764 1934 966 1997 Nicholaum
998 1935 1041 1997 de
1074 1935 1218 1999 Breaute
1248 1936 1404 1999 clericum
1436 1936 1479 1999 ad

213 2038 359 2102 eandem
403 2037 576 2101 ecclesiam
620 2059 695 2102 cum
739 2039 895 2101 omnibus
939 2040 1148 2121 pertinentiis
1187 2040 1254 2102 suis
1297 2040 1473 2104 admisisse

213 2143 395 2224 ipsumque
411 2142 444 2203 in
468 2162 509 2204 ea
531 2143 691 2205 canonice
719 2162 896 2223 personam
925 2143 1117 2217 instituisse,
1142 2142 1250 2219 salvis,
1271 2152 1332 2206 etc.
1379 2142 1480 2226 Quod

214 2255 257 2321 ut,
280 2256 346 2309 etc.
402 2244 560 2309 Testibus
589 2256 622 2309 et
653 2245 742 2313 data.
769 2255 805 2308 ut
836 2246 870 2308 in
897 2255 990 2309 carta
1016 2245 1059 2309 de
1087 2245 1231 2309 Wilden’
1260 2247 1292 2311 in
1317 2246 1479 2311 archidia-

214 2360 335 2413 conatu
356 2348 563 2414 Bedelordie.

214 2608 287 2673 [ere
297 2608 458 2661 riestimtion
470 2607 506 2675 of
516 2606 685 2675 Humphrcy
701 2607 736 2659 cle
747 2606 861 2659 Millers
878 2612 906 2659 to
925 2607 970 2659 llic
993 2606 1092 2660 cirurclr
1112 2608 1147 2675 os
1164 2608 1333 2669 Overstorrc,·
1353 2608 1423 2677 May
1439 2626 1479 2673 ει,

278 2708 365 2757 1²²35
374 2693 456 2758 step.
470 2694 537 2755 107.]

303 2800 731 2875 Ovssron’.-0mnibus,
747 2812 808 2863 etc.
856 2801 995 2863 Noverit
1018 2800 1215 2864 universitas
1235 2811 1345 2865 vestra
1360 2822 1422 2864 nos
1437 2800 1480 2863 acl

221 2905 504 2989 presentationem
530 2904 690 2967 Willelmi
720 2904 763 2968 de
796 2904 932 2980 Millers‚
960 2904 1082 2979 militis,
1108 2904 1238 2987 patroni
1270 2906 1408 2969 ecclesie
1438 2904 1481 2967 de

220 3008 390 3086 Oveston’,
415 3008 574 3071 dilectum
604 3009 635 3071 in
659 3008 793 3072 Christo
821 3007 926 3070 filium
954 3008 1153 3091 Magistrum
1183 3008 1411 3072 Humfredum
1439 3008 1482 3072 de

219 3114 346 3178 Millers
362 3113 518 3177 clericum
544 3110 586 3174 ad
610 3112 752 3175 eandem
777 3112 952 3175 ecclesiam
977 3111 1160 3187 admisisse,
1185 3113 1361 3194 ipsumque
1385 3113 1417 3175 in
1442 3134 1482 3176 ea

217 3219 377 3282 canonice
407 3236 586 3299 personam
614 3217 804 3291 instituisse,
835 3216 945 3291 salvis,
974 3226 1035 3279 etc.
1086 3215 1187 3298 Quod
1220 3226 1265 3292 ut,
1294 3226 1356 3280 ete.
1405 3215 1481 3278 Hiis

218 3324 368 3398 testibus,
381 3320 552 3384 Willelmo
563 3320 812 3384 Archidiacono
830 3320 980 3396 Wellen',
997 3320 1075 3383 Ada
1092 3319 1341 3384 Archidiacono
1357 3320 1480 3397 Oxon’,

220 3425 391 3511 Magistris
405 3423 575 3487 Willelmo
591 3424 633 3487 de
655 3423 845 3499 Cantuaria‚
867 3423 1037 3487 Willelmo
1057 3424 1099 3486 de
1118 3423 1300 3499 Lincolnia,
1318 3422 1348 3485 N
1352 3423 1483 3486 icholao

218 3528 258 3593 de
275 3528 458 3603 Evesham,
475 3526 658 3590 Amaurico
680 3527 724 3591 de
748 3527 963 3611 Buggedene,
986 3527 1155 3589 canonicis
1181 3526 1480 3590 Lincolniensibus

220 3632 308 3695 Data
340 3652 401 3714 per
439 3651 575 3694 manum
617 3630 742 3695 Oliveri
781 3630 824 3694 de
862 3629 1047 3705 Chedneto,
1084 3629 1203 3705 clerici,
1242 3629 1331 3712 apud
1374 3629 1483 3693 Vetus

220 3734 400 3818 Templum
442 3733 694 3809 Londiniarum,
725 3734 760 3796 xi
800 3732 962 3797 kalendas
992 3732 1092 3813 Junii,
1123 3730 1337 3813 pontificatus
1375 3732 1478 3796 nostri

218 3858 304 3901 anno
322 3858 403 3900 xnn.

219 4092 287 4163 [The
297 4094 458 4147 institution
470 4095 505 4163 os
512 4094 631 4153 Martin,
641 4094 781 4161 clraplar'n¹
794 4099 821 4145 to
832 4094 877 4146 the
884 4091 1059 4161 vicaragcos
1065 4091 1161 4159 Aslrby
1170 4092 1210 4145 St.
1220 4092 1361 4161 Ledgers,·
1377 4093 1451 4160 Sept.
1458 4112 1482 4153 2,

280 4177 368 4245 1²²3]

304 4288 681 4363 Effusa-Omnibus,
705 4299 766 4351 etc.
818 4288 958 4350 Noverit
988 4286 1184 4350 universitas
1212 4297 1321 4350 vestra
1350 4306 1410 4350 uos
1439 4287 1481 4350 ad

223 4392 503 4473 presentationem
522 4393 642 4455 Prioris
658 4403 693 4455 et
712 4393 950 4454 canonicorum
971 4391 1014 4453 de
1036 4389 1154 4452 Lauda
1170 4391 1276 4453 sancti
1295 4388 1480 4473 Leodegari

222 4496 379 4561 dilectum
402 4497 434 4558 in
456 4494 590 4559 Christo
610 4496 714 4558 filium
734 4495 928 4569 Martinam,
949 4492 1193 4576 cappellanum,
1221 4493 1263 4555 ad
1285 4502 1480 4575 perpetuam

224 4600 377 4663 vicariam
401 4598 540 4662 ecclesie
563 4599 606 4662 de
631 4598 762 4679 Esseby
789 4598 973 4671 admisisse,
998 4598 1174 4678 ipsumque
1199 4596 1230 4657 in
1255 4616 1294 4659 ea
1321 4596 1481 4658 canonice

224 4712 419 4786 perpetuum
437 4704 596 4766 vicarium
614 4703 804 4764 instituisse.
852 4702 897 4764 Et
916 4700 1069 4763 consistit
1093 4700 1183 4762 dicta
1206 4698 1328 4761 vicaria
1352 4698 1384 4760 in
1409 4708 1481 4762 toto

222 4807 382 4890 altaragio
412 4805 563 4886 ejusdem
595 4806 734 4869 ecclesie
765 4816 798 4868 et
829 4804 927 4867 tertia
953 4817 1046 4885 parte
1072 4803 1201 4866 decime
1233 4802 1410 4883 garbarum
1439 4802 1481 4865 de

223 4910 396 4974 dominicis
426 4909 590 4991 johannis
621 4910 663 4972 dc
695 4909 861 4971 Gransorrl
892 4919 926 4970 et
960 4907 1143 4988 leodegari
1176 4904 1219 4967 de
1252 4905 1352 4987 Dyva
1382 4915 1416 4968 et
1448 4906 1479 4967 in

225 5014 359 5079 decimis
374 5014 553 5096 garbarum
572 5016 668 5076 unius
684 5014 812 5095 virgate
828 5026 914 5100 terre
930 5022 962 5075 et
979 5010 1125 5087 dimidie,
1141 5030 1224 5091 quas
1250 5010 1413 5071 Ricardus
1436 5010 1479 5073 de
