3609 5642
599 553 776 650 Episcopi
798 551 1080 652 Lineolm'ensz's.

301 792 372 877 [On
387 791 441 856 the
453 792 546 857 dorse
556 791 626 876 s-]

205 927 315 996 [-—
338 925 494 980 dedet-vers
513 927 624 995 having
642 926 706 979 been
725 926 826 980 elected
845 926 972 979 Pn'oress
989 928 1025 994 os
1042 926 1125 980 In'ttle
1147 927 1278 992 Marlew,
1303 928 1401 996 Agnes
1428 929 1462 982 de

271 1008 390 1072 Anvers,
402 1008 449 1062 the
454 1010 606 1075 patroruss,
618 1008 731 1077 having
737 1009 826 1078 given
844 1007 895 1062 her
904 1013 1019 1070 coenent,
1032 1010 1057 1061 is
1067 1009 1233 1074 instrtnted.]

296 1128 619 1193 BUCK’.—Vacante
636 1128 781 1212 prioratu
805 1128 847 1192 de
873 1128 1022 1193 Merlaue
1046 1149 1105 1210 per
1130 1138 1272 1192 mortem
1289 1130 1341 1206 A,
1356 1149 1462 1211 quon-

204 1233 285 1296 dam
311 1233 469 1296 Priorisse
491 1231 642 1314 ejusdem
666 1232 739 1311 loci,
754 1253 847 1297 soror
867 1231 995 1316 [blank]
1011 1232 1054 1297 de
1078 1232 1218 1309 Auvers,
1241 1235 1462 1317 suppriorissa

206 1335 342 1413 ibidem,
353 1357 413 1419 per
423 1346 625 1400 conventum
642 1337 749 1400 electa
763 1337 973 1400 concorditer
987 1345 1021 1399 et
1036 1337 1205 1413 canonice,
1219 1337 1461 1402 interveniente

207 1441 354 1524 Agnetis
374 1440 417 1505 de
444 1441 575 1505 Auvers
598 1440 748 1523 ejusdem
775 1442 940 1525 prioratus
964 1450 1104 1524 patrone
1127 1461 1302 1519 consensu,
1317 1453 1351 1506 et
1374 1442 1461 1507 sacta
1510 1454 1514 1458 ’

206 1545 422 1628 inquisitione
451 1555 486 1610 et
515 1545 767 1610 examinatione
797 1566 856 1628 per
888 1546 943 1622 M,
976 1544 1259 1609 Archidiaconum
1291 1545 1353 1609 loci
1384 1567 1460 1610 cum

206 1649 378 1731 adjunct0,
393 1670 452 1733 per
467 1670 532 1732 que
548 1650 720 1732 negotium
737 1650 799 1713 suit
822 1649 855 1712 in
871 1649 1041 1733 expedit0,
1057 1650 1100 1712 ad
1116 1649 1261 1714 eundem
1277 1650 1461 1733 prioratum

206 1752 357 1817 admissa
378 1764 430 1818 est
453 1764 487 1817 et
503 1753 663 1816 Priorissa
685 1753 847 1830 instituta,
868 1754 953 1817 sicut
976 1755 1077 1817 moris
1100 1763 1158 1817 est
1206 1753 1252 1816 Et
1275 1753 1461 1835 injunctum

206 1866 258 1922 est
290 1857 450 1938 magistro
480 1856 651 1921 Willelmo
680 1857 723 1921 de
749 1856 1035 1940 Beni[n]gworth’
1065 1867 1103 1921 ut
1126 1857 1217 1940 quod
1242 1858 1329 1922 circa
1358 1859 1463 1941 ipsius

208 1961 368 2025 Priorisse
413 1961 672 2026 installationem
717 1961 955 2025 Archidiaconi
999 1960 1102 2024 Buck'
1144 1972 1204 2038 est,
1246 1963 1350 2044 ipsius
1391 1963 1463 2027 vice

207 2073 437 2148 prosequatur.

681 2202 822 2267 Annus
845 2202 988 2266 Xxllffl.

207 2361 311 2431 [Elyas
334 2361 367 2414 de
389 2361 566 2430 Risetbergh',
586 2361 723 2429 cleoplain,
739 2360 887 2430 presented
906 2361 940 2430 by
962 2361 1092 2426 Richard,
1116 2360 1193 2414 Earl
1209 2363 1246 2431 of
1264 2362 1412 2427 Cornwall,
1432 2379 1465 2416 es

274 2443 394 2513 holding
403 2443 448 2498 tlte
464 2443 547 2498 lands
557 2445 593 2514 of
599 2443 645 2498 the
658 2444 750 2497 Count
759 2447 796 2514 of
801 2444 905 2509 Dracen
917 2445 943 2496 is
954 2443 1100 2497 znstituted
1107 2448 1215 2512 parson
1225 2446 1262 2514 os
1268 2445 1432 2515 Horspatlt.]

298 2562 741 2646 HORSEPATHE.—Helyas
756 2563 799 2627 de
815 2563 1032 2644 Riselbergh’,
1046 2563 1247 2644 capellanus,
1256 2573 1466 2646 presentatus

209 2687 269 2751 per
294 2668 344 2743 R,
364 2667 531 2732 Comitem
557 2668 705 2732 Pictavie
727 2679 761 2732 et
786 2666 962 2743 Comubie,
985 2666 1114 2730 ratione
1137 2678 1296 2730 terrarum
1326 2668 1464 2732 Roberti

209 2771 352 2836 Comitis
383 2771 568 2835 Drocarum
600 2771 633 2835 in
665 2791 765 2835 manu
797 2792 857 2835 sua
886 2770 1114 2845 existentium,
1144 2769 1186 2834 ad
1217 2771 1391 2834 ecclesiam
1422 2772 1465 2835 de

211 2875 415 2956 Horspathe‚
435 2873 522 2938 sacta
546 2875 636 2956 prius
657 2875 871 2957 inquisitione
891 2894 950 2956 per
969 2873 1022 2949 A,
1038 2871 1322 2937 Archidiaconum
1344 2873 1466 2952 Oxon’,

209 2999 268 3061 per
284 2998 386 3060 quam
403 2979 574 3062 negotium
591 2978 653 3042 suit
668 2979 702 3042 in
717 2978 888 3061 expedito
903 2978 947 3041 ad
962 2976 1103 3040 eandem
1121 2977 1286 3041 admissus
1301 2983 1363 3055 est,¹
1376 2989 1411 3043 et
1432 2981 1466 3042 in

209 3103 250 3146 ea
265 3085 425 3146 canonice
442 3103 583 3166 persona
599 3082 779 3160 institutus,
790 3093 824 3147 et
840 3080 1037 3146 mandatum
1047 3092 1099 3145 est
1110 3081 1201 3146 dicto
1218 3081 1466 3147 Archidiacono

209 3196 246 3250 ut
262 3187 373 3269 ipsum
391 3186 435 3250 H.
452 3187 486 3249 in
502 3185 707 3268 corporalem
723 3185 862 3250 ecclesie
877 3185 1026 3268 predicte
1042 3187 1286 3267 possessionem
1300 3184 1444 3250 inducat

209 3399 300 3470 [loten
315 3398 457 3464 Walensis,
469 3398 606 3466 chaptain,
613 3398 763 3467 presented
775 3399 809 3467 by
820 3399 865 3453 tte
876 3397 1035 3452 Abdetand
1046 3398 1216 3467 Conventos
1229 3397 1339 3467 Oseney,
1351 3400 1377 3451 is
1387 3400 1467 3452 insti-

275 3481 355 3536 tuted
367 3483 448 3536 wear
461 3482 497 3551 os
510 3481 639 3552 Carula]

300 3593 679 3676 Coum—,lohannes
692 3591 907 3676 Walens[is],
919 3592 1120 3674 capellanus,
1132 3591 1385 3676 [presentatus]'
1407 3613 1467 3675 per

212 3697 385 3763 Abbatem
408 3707 443 3763 et
469 3708 670 3763 conventum
702 3698 839 3780 Osneye
871 3698 916 3760 ad
947 3698 1105 3760 vicariam
1135 3695 1178 3760 de
1213 3695 1346 3774 Couele,
1378 3697 1467 3762 sacta

211 3803 303 3886 prius
342 3803 555 3884 inquisitione
596 3823 655 3885 per
694 3801 745 3878 A,
785 3801 1070 3865 Archidiaconum
1104 3799 1227 3876 Oxon’,
1256 3811 1290 3864 et
1325 3801 1467 3882 receptis

213 3907 330 3972 litteris
361 3905 598 3970 Archidiaconi
629 3905 835 3971 Gloucestrie
865 3915 900 3969 et
931 3905 1084 3988 Magistri
1115 3905 1166 3968 W.
1194 3905 1237 3968 de
1264 3904 1467 3969 Wellebum’

213 4030 313 4093 super
334 4009 529 4093 ydoneitate
550 4011 689 4093 predicti
705 4011 743 4094 J,
759 4031 818 4094 per
833 4030 907 4092 que,
922 4018 995 4086 etc,
1010 4007 1053 4072 ad
1069 4007 1211 4072 eandem
1227 4007 1393 4072 admissus
1416 4018 1468 4073 est

211 4135 287 4179 cum
308 4134 408 4179 onere
430 4125 464 4180 et
480 4135 567 4198 pena
582 4117 788 4191 vicariorum,
802 4124 873 4192 etc,
888 4125 923 4178 et
939 4112 1135 4177 mandatum
1151 4123 1203 4177 est
1217 4112 1328 4177 eidem
1346 4112 1464 4177 Archi-

213 4219 355 4284 diacano
372 4217 485 4284 Oxon'
505 4229 550 4296 ut,
565 4229 625 4283 etc.
672 4219 833 4283 Consistit
853 4227 966 4282 autem
984 4218 1056 4299 ipsa
1072 4217 1194 4281 vicaria
1209 4226 1247 4279 ut
1262 4237 1362 4298 supra
1378 4236 1467 4279 anno

214 4323 286 4387 xvi⁰
300 4322 343 4386 de
357 4323 480 4386 vicaria
495 4321 537 4387 de
555 4322 804 4387 Hokenartone.

213 4516 357 4586 [Nicltoles
367 4517 402 4571 de
410 4518 504 4582 Anne,
516 4518 683 4581 nodam,
692 4515 840 4586 presented
854 4515 886 4585 by
897 4516 944 4569 tlte
961 4517 1088 4568 Pn'oress
1098 4513 1159 4568 and
1170 4513 1296 4567 Convent
1303 4514 1465 4584 osStndley,

278 4598 342 4652 who
353 4599 413 4653 trud
420 4599 565 4653 recovered
573 4599 618 4654 the
629 4599 787 4662 advewson,
800 4599 825 4652 ts
841 4597 987 4651 instituted
990 4601 1093 4664 persen
1104 4598 1140 4665 os
1147 4595 1283 4664 necnon]

301 4719 706 4786 BEKKEL'.-Nicholaus
724 4718 767 4783 de
784 4719 894 4795 Anna,
915 4717 1148 4794 subdiaconus,
1166 4726 1204 4779 ut
1226 4715 1316 4793 dicit,
1331 4735 1465 4799 presen-

214 4833 303 4888 tatus
325 4844 384 4905 per
407 4823 600 4888 Priorissam
623 4833 658 4887 et
680 4830 881 4887 conventum
903 4820 946 4885 de
969 4817 1139 4902 Stodl[eg]
1167 4818 1209 4882 ad
1232 4817 1406 4882 ecclesiam
1422 4818 1466 4883 de

745 5021 750 5050 ¹
766 5019 823 5072 Not
833 5018 861 5073 in
877 5017 936 5071 MS.

282 5085 352 5142 vot.
372 5085 408 5140 ll.
1381 5093 1401 5133 o
