3609 5642
597 594 776 691 Episcopi
798 596 1082 671 Lincolnzensz's.

206 828 362 896 [Rtbeetde
383 830 511 894 Wittene,
531 830 701 885 nebdeacore.
714 830 863 899 presented
879 832 913 901 by
930 832 1031 885 Robeet
1048 833 1169 897 Mutun',
1182 835 1207 886 is
1224 832 1371 887 instituted
1385 838 1412 887 to
1428 835 1475 888 tire

269 912 374 966 chureii
386 913 423 981 os
440 912 591 966 Peckleton.
626 913 654 965 Α
669 914 790 980 pensiore
807 915 843 982 os
854 932 886 966 10
902 913 1037 982 strillings
1052 916 1077 968 is
1087 916 1218 970 reses-ned
1226 922 1254 969 to
1270 916 1315 969 tlte
1331 915 1431 971 cistercii
1443 918 1479 985 os

271 994 405 1064 Kietis]
920 1017 924 1033 ·

296 1131 751 1195 PEKINTONE.-Robertus
770 1131 814 1195 de
833 1132 991 1208 Wiltone,
1008 1133 1241 1210 subdiaconus,
1260 1144 1472 1215 presentatus

210 1255 266 1317 per
292 1234 485 1299 ‘Robertum
519 1235 651 1299 Mutun'
681 1236 724 1299 ad
755 1236 931 1299 ecclesiam
962 1235 1005 1300 de
1038 1236 1231 1313 Pelrintone,
1262 1236 1352 1302 facta
1383 1238 1473 1321 prius

209 1339 424 1421 inquisitione
455 1360 514 1423 per
546 1340 594 1417 R,
626 1339 912 1404 Archidiaconum
946 1341 1149 1418 Leircestrie,
1177 1362 1372 1425 perquam,
1398 1350 1470 1418 etc,

210 1442 376 1507 admissus
395 1453 455 1520 est,
474 1454 509 1507 et
532 1445 565 1507 in
588 1464 629 1507 ea
651 1444 812 1508 canonice
835 1464 978 1527 persona
997 1446 1190 1521 institutus;
1212 1445 1312 1508 salvis
1332 1444 1473 1509 ecclesie

209 1547 251 1611 de
267 1546 435 1631 Kyrkeby
451 1547 568 1612 decem
584 1547 700 1613 solidis
715 1547 758 1612 de
773 1547 901 1612 eadem.
950 1549 995 1612 Et
1015 1548 1201 1631 injunctum
1218 1559 1270 1613 est
1288 1548 1336 1625 R.,
1353 1548 1472 1612 Archi-

208 1650 352 1720 diacono
368 1651 565 1715 Leircestrie
580 1652 727 1735 presenti
744 1661 791 1729 ut,
805 1662 867 1717 etc.

208 2035 312 2103 [Ralplr
330 2034 364 2087 de
383 2034 528 2097 Tureoitte,
541 2034 648 2102 molyte,
662 2037 809 2103 presented
823 2036 857 2104 ty
873 2036 966 2105 Hugh
984 2036 1191 2103 Dispensarius,
1210 2036 1235 2088 e's
1251 2035 1398 2089 instituted
1412 2040 1439 2089 to
1454 2052 1473 2087 a

266 2118 390 2185 periston
401 2118 459 2186 oss
470 2116 608 2169 meirisin
619 2118 664 2170 tire
675 2117 776 2171 ciceret
787 2119 824 2186 os
829 2118 1078 2186 Lougietorougt]

298 2253 762 2318 LUGTEBURG'.—Radulsus
787 2254 831 2318 de
857 2254 1035 2331 Tureville,
1062 2254 1231 2330 accolitus,
1260 2263 1471 2337 presentatus

208 2380 266 2442 per
306 2358 490 2441 Hugonem
529 2358 783 2441 Dispensarium
822 2359 865 2422 ad
905 2360 1100 2441 pensionem
1139 2360 1240 2422 trium
1284 2379 1470 2422 marcarum

207 2470 383 2525 vacantem
400 2463 434 2525 in
450 2462 591 2525 ecclesia
605 2460 648 2525 de
666 2462 866 2545 Lucteburg'
882 2463 925 2526 de
940 2473 1085 2544 quatuor
1107 2462 1317 2547 portionibus
1340 2462 1470 2526 dictum

210 2566 392 2649 Hugonem
417 2575 578 2648 tanquam
604 2576 782 2650 patronum
806 2567 1090 2649 contingentibus,
1113 2566 1201 2631 sacta
1222 2568 1313 2650 prius
1335 2567 1471 2649 inquisi-

208 2672 299 2735 tione
315 2692 374 2754 per
391 2669 674 2733 Archidiaconum
693 2670 882 2748 leicestrie,
899 2692 958 2753 per
969 2692 1080 2753 quam,
1091 2682 1163 2748 etc,
1179 2671 1345 2735 admissus
1362 2681 1422 2748 est,
1438 2682 1472 2736 et

209 2775 241 2837 in
267 2774 426 2858 predictis
449 2784 594 2856 quatuor
617 2773 826 2857 portionibus
855 2775 960 2857 ipsius
982 2776 1121 2839 ecclesie
1145 2774 1306 2838 canonice
1329 2794 1473 2857 persona

210 2880 389 2942 institutus.
437 2878 483 2943 Et
499 2878 686 2959 injunctum
705 2888 757 2941 est
777 2877 887 2941 eidem
910 2888 947 2941 ut
968 2880 1075 2942 scolas
1091 2878 1299 2961 frequentet;
1323 2878 1470 2961 alioquin

207 3004 248 3047 eo
263 2984 338 3066 ipso
354 2984 515 3066 pensione
531 2984 604 3065 ipsa
620 2982 826 3065 spoliabitur,
842 2981 962 3045 eodem
981 2982 1127 3047 Radulfo
1140 2984 1173 3047 in
1187 2983 1219 3047 id
1233 2984 1471 3048 consentiente.

210 3086 255 3149 Et
269 3086 458 3167 injunctum
474 3095 526 3150 est
543 3084 687 3151 Officiali
706 3084 944 3149 Archidiaconi
962 3095 1007 3164 ut,
1022 3097 1083 3151 etc.

207 3482 367 3551 [Reginold
380 3481 521 3549 eheplain,
535 3482 686 3549 presented
700 3482 734 3551 by
751 3483 795 3535 tlee
814 3482 904 3535 Attot
916 3482 978 3534 aeui
988 3483 1115 3535 Convent
1126 3484 1163 3548 os
1173 3482 1329 3543 Ie'itesleall,
1343 3484 1436 3551 Sirim,
1447 3484 1472 3535 is

270 3563 417 3617 instituted
424 3565 506 3617 view
514 3564 550 3632 os
556 3564 653 3632 Askby
663 3564 697 3618 de
707 3564 737 3617 lo
747 3564 850 3618 Zouch.
888 3564 946 3617 Tite
956 3565 1088 3634 oicarage
1098 3566 1124 3617 is
1133 3564 1292 3631 described]

294 3699 460 3763 VICARIA
495 3714 544 3763 DE
581 3698 997 3782 ESSEBv.-Reginaldus,
1027 3699 1229 3782 capellanus,
1260 3708 1471 3783 presentatus

209 3825 267 3886 per
284 3803 457 3867 Abbatem
473 3814 508 3867 et
527 3814 729 3867 conventum
751 3802 793 3867 de
814 3803 1009 3867 Lilleshulle
1028 3802 1072 3866 ad
1097 3814 1293 3886 perpetuam
1313 3804 1470 3868 vicariam

207 3908 347 3972 ecclesie
377 3908 421 3973 de
452 3908 594 3990 Esseby,
624 3909 815 3974 ordinatam
845 3908 1046 3972 auctoritate
1080 3907 1231 3984 Concilii,
1262 3907 1351 3971 lacta
1382 3908 1472 3991 prius

208 4012 423 4096 inquisitione
455 4034 513 4096 per
545 4013 594 4088 R,
622 4014 907 4077 Archidiaconum
941 4013 1146 4089 Leircestrie,
1174 4033 1232 4095 per
1262 4032 1373 4095 quam,
1400 4021 1471 4087 etc,

207 4118 374 4182 admissus
393 4127 454 4193 est,
469 4128 503 4182 et
524 4118 557 4180 in
577 4139 618 4182 ea
636 4140 713 4182 cum
733 4140 834 4183 onere
853 4130 887 4183 et
912 4138 998 4202 pena
1022 4118 1219 4181 vicariorum
1237 4116 1377 4179 vicarius
1398 4136 1470 4199 per-

207 4232 328 4304 petuus
344 4220 525 4285 institutus.
558 4222 724 4287 Ordinata
735 4233 788 4286 est
803 4232 917 4286 autem
935 4223 1007 4305 ipsa
1017 4222 1139 4285 vicaria
1151 4221 1217 4285 sic:
1240 4220 1380 4283 vicarius
1393 4240 1469 4283 cum

206 4326 326 4390 clerico
342 4346 404 4389 suo
419 4336 516 4390 erunt
532 4326 605 4409 [sic]
621 4327 664 4391 ad
682 4348 832 4392 mensam
849 4326 1016 4390 dictorum
1030 4327 1267 4390 canonicorum
1283 4334 1318 4389 et
1334 4324 1470 4389 habebit

207 4428 388 4512 sorragium
404 4429 448 4493 ad
464 4450 549 4512 opus
566 4430 727 4513 palefridi,
743 4441 778 4494 et
794 4430 998 4514 prebendam
1021 4450 1097 4493 cum
1115 4430 1188 4493 ierit
1205 4427 1247 4492 ad
1264 4429 1419 4492 sinodum
1436 4439 1470 4493 et

206 4533 374 4618 capitula;
408 4542 442 4596 et
473 4543 624 4617 preterea
654 4533 791 4598 habebit
821 4535 941 4618 viginti
972 4533 1097 4597 solidos
1129 4554 1189 4617 pro
1219 4532 1404 4615 stipendiis
1434 4544 1469 4596 et

208 4646 358 4718 preterea
373 4637 559 4701 secundum
583 4638 731 4721 legatum
754 4638 960 4714 rationabile,
975 4646 1010 4701 et
1029 4637 1217 4700 oblationes
1234 4644 1420 4713 consuetas,
1435 4647 1470 4699 et

206 4739 313 4804 solvet
343 4740 508 4804 sinodalia
538 4750 679 4805 tantum.
726 4741 888 4806 Canonici
912 4762 991 4805 vero
1023 4740 1203 4823 hospitium
1230 4736 1468 4803 Archidiaconi

206 4843 433 4925 procurabunt
463 4856 497 4908 et
527 4845 594 4908 alia
623 4866 725 4908 onera
754 4845 907 4928 ejusdem
935 4844 1075 4908 ecclesie
1104 4844 1219 4907 debita
1245 4853 1280 4906 et
1306 4852 1468 4907 consueta

205 4944 426 5011 sustinebunt.
474 4948 519 5011 Et
536 4947 722 5029 injunctum
739 4960 791 5012 est
806 4949 899 5012 dicto
916 4947 1164 5011 rlrchidiacono
1181 4948 1326 5028 presenti
1343 4957 1388 5021 ut,
1405 4957 1466 5011 etc.

207 5051 284 5114 Non
302 5050 465 5115 habemus
481 5052 608 5116 litteras
624 5053 889 5134 presentationis.
