3609 5642
361 533 428 604 154
706 510 841 583 Rotulz'
855 511 907 583 H
904 513 1034 608 ugonis
1057 513 1100 585 de
1115 503 1260 586 'Welles

354 752 397 816 de
415 753 576 828 Wedone,
596 752 683 815 lacta
706 753 797 834 prius
820 753 1035 835 inquisitione
1058 774 1117 836 per
1141 754 1342 836 Magistrum
1366 754 1409 830 S.‚
1425 753 1615 818 Officialem

357 857 631 939 Norhamptonie,
648 877 706 939 per
728 877 839 938 quam,
854 867 925 934 etc,
941 857 983 921 ad
1006 857 1150 921 eandem
1174 857 1342 921 admissus
1364 869 1425 934 est,
1446 858 1509 920 sub
1529 878 1616 940 pena

353 973 387 1026 et
412 982 511 1025 onere
537 962 743 1037 vicariorum,
767 970 827 1024 etc.
873 961 1036 1025 Consistit
1061 971 1175 1025 autem
1204 963 1238 1025 in
1265 962 1406 1026 decimis
1435 962 1614 1044 garbarum

355 1063 445 1147 xij⁰¹¹¹¹
476 1065 679 1147 virgatamm
705 1073 740 1127 et
763 1064 912 1141 dimidie,
935 1074 969 1127 et
1000 1065 1034 1126 in
1065 1066 1163 1128 tertia
1195 1076 1290 1148 parte
1320 1067 1423 1129 totius
1454 1067 1617 1148 altaragii,

354 1171 506 1252 exceptis
530 1170 666 1232 minutis
682 1169 820 1232 decimis
841 1168 883 1232 de
906 1169 997 1232 curia
1016 1167 1155 1246 domini,
1170 1180 1204 1232 et
1224 1171 1452 1233 oblationibus
1476 1170 1519 1234 ad
1544 1172 1616 1234 reli-

354 1274 449 1354 quias
464 1273 603 1336 ecclesie
618 1273 660 1336 de
676 1272 830 1336 Wedone
847 1273 1127 1355 provenientibus,
1142 1285 1177 1337 et
1191 1285 1338 1356 excepta
1354 1274 1495 1338 candela
1511 1275 1544 1337 in
1561 1275 1616 1338 die

355 1377 592 1459 purificationis
617 1378 719 1441 Beate
744 1378 870 1454 Marie;
892 1388 927 1442 et
946 1379 1034 1442 valet
1057 1379 1129 1461 ipsa
1151 1380 1273 1442 vicaria
1293 1402 1315 1443 v
1335 1399 1464 1443 marcas
1486 1390 1522 1444 et
1545 1400 1615 1442 am-

354 1481 448 1562 plius,
465 1502 523 1561 per
537 1481 711 1544 dominum
730 1482 936 1564 Episcopum
952 1485 1149 1546 auctoritate
1165 1484 1296 1546 concilii
1313 1484 1477 1546 ordinata.

419 1765 515 1827 [Mem.
529 1769 563 1828 7.]

353 1880 450 1946 [solen.
463 1895 512 1932 sore
528 1881 563 1948 os
575 1879 721 1947 Regmald.
731 1879 880 1946 presented
893 1879 926 1947 by
938 1879 983 1932 lu's
997 1879 1109 1933 brother
1118 1880 1221 1948 deh,
1234 1883 1313 1948 aster
1323 1898 1341 1932 a
1352 1880 1463 1948 dt'spute
1477 1881 1562 1934 abord
1571 1882 1617 1934 tlte

414 1966 578 2030 patronage.
591 1963 616 2013 is
626 1962 771 2014 t'nstituted
779 1967 806 2014 to
818 1961 863 2014 tlte
873 1961 975 2015 church
986 1963 1023 2031 of
1033 1962 1109 2015 East
1120 1962 1256 2026 Carlton]

442 2081 906 2162 KARLETONE.—Johannes
929 2079 1015 2143 lilius
1044 2081 1223 2164 Reginaldi
1241 2081 1410 2163 [mortuus
1434 2093 1486 2145 est
1509 2082 1622 2144 scored

354 2183 516 2265 through]⁸
533 2193 741 2266 presentatus
758 2205 816 2266 per
834 2183 1026 2259 Radulsum,
1043 2184 1178 2247 tratrem
1196 2205 1303 2260 suum,
1319 2185 1362 2248 ad
1380 2185 1556 2248 ecclesiam
1574 2185 1618 2248 de

356 2287 548 2363 Karlctone‚
575 2287 663 2349 lacta
688 2288 778 2369 prius
805 2288 1019 2370 inquisitione
1046 2308 1106 2369 per
1131 2287 1332 2370 Magistrum
1362 2288 1405 2365 S„
1426 2288 1615 2352 Officialem

355 2387 591 2451 Archidiaconi
614 2387 890 2469 Norhamptonie,
909 2399 943 2450 et
963 2387 1105 2477 receptis
1125 2388 1243 2450 litteris
1263 2386 1392 2450 domini
1414 2389 1518 2472 Regis
1537 2410 1616 2452 con-

354 2491 537 2554 tinentibus
577 2491 667 2572 quod
714 2493 870 2554 convenit
914 2491 946 2554 in
996 2493 1086 2554 curia
1129 2513 1242 2554 coram
1283 2491 1477 2572 justiciariis
1524 2493 1616 2576 apud

354 2594 690 2658 Westmonasterium
713 2596 797 2658 inter
820 2594 1002 2658 Radullum
1027 2594 1131 2658 filium
1157 2595 1344 2678 Reginaldi‚
1359 2607 1565 2678 querentem,
1580 2607 1616 2660 et

355 2697 525 2760 Abbatem
560 2699 674 2763 Sancti
709 2698 824 2779 Jacobi
860 2699 1128 2781 Norhamptonie
1157 2709 1192 2761 et
1221 2699 1404 2782 Hugonem
1433 2700 1477 2764 de
1501 2703 1617 2764 Pates-

354 2800 440 2875 hille,
456 2800 685 2878 deforcianteS,
700 2802 743 2864 de
759 2801 979 2865 advocatione
994 2802 1132 2865 ecclesie
1142 2801 1185 2864 de
1202 2802 1396 2879 Karletone‚
1407 2801 1495 2867 u⁸nde
1511 2806 1616 2868 assisa

354 2903 470 2967 ultime
494 2905 751 2986 presentationis
777 2907 983 2968 summonita
1009 2905 1070 2968 suit
1096 2907 1181 2968 inter
1212 2926 1270 2968 eos
1299 2907 1334 2968 in
1363 2907 1482 2970 eadem
1515 2909 1617 2984 curia,

352 3007 484 3082 scilicet,
513 3007 602 3090 quod
629 3008 767 3089 predicti
794 3008 912 3071 Abbas
937 3020 971 3072 et
998 3009 1101 3091 Hugo
1130 3020 1397 3091 recognoverunt
1430 3011 1615 3092 predictam

354 3109 608 3174 advocationem
625 3132 697 3174 esse
711 3111 764 3192 jus
781 3114 884 3195 ipsius
902 3111 1036 3175 Radulfi
1052 3123 1086 3175 et
1104 3134 1178 3175 eam
1201 3114 1398 3177 remiserunt
1414 3126 1448 3177 et
1466 3116 1615 3196 quietam

354 3216 580 3279 clamaverunt
599 3215 641 3278 de
661 3237 696 3278 se
715 3228 749 3280 et
768 3215 1013 3279 successoribus
1035 3217 1103 3278 suis
1125 3217 1275 3298 predicto
1297 3216 1444 3280 Radullo
1469 3228 1503 3281 et
1523 3220 1616 3282 here-

354 3319 451 3382 dibus
468 3321 535 3382 suis
551 3321 584 3382 in
601 3329 809 3403 perpetuum,
825 3320 917 3382 salva
937 3321 1046 3383 eidem
1065 3320 1205 3403 Hugoni
1221 3329 1256 3383 et
1271 3322 1517 3385 successoribus
1539 3325 1617 3399 suis,

355 3425 503 3504 personis
529 3425 666 3487 ecclesie
686 3424 729 3487 de
749 3423 962 3506 Cotingham‚
981 3423 1122 3486 dimidia
1142 3444 1254 3486 marca
1274 3426 1451 3489 annuatim
1474 3427 1617 3508 percipi-

353 3527 441 3590 enda
457 3529 592 3590 nomine
609 3526 758 3590 beneficii
775 3527 818 3590 de
834 3547 976 3608 persona
992 3527 1130 3590 ecclesie
1146 3526 1188 3590 de
1205 3527 1398 3604 Karletone,
1414 3549 1615 3611 quecunque

354 3630 460 3706 luerit,
477 3652 535 3712 per
550 3652 624 3714 quc,
639 3644 709 3706 etc,
725 3631 767 3694 ad
789 3632 931 3694 eandem
951 3631 1117 3694 admissus
1139 3641 1191 3704 est
1211 3632 1274 3694 sub
1289 3652 1377 3713 pena
1395 3633 1536 3708 concilii,
1552 3645 1616 3696 etc.

356 3734 401 3797 Et
433 3734 630 3797 mandatum
661 3745 712 3798 est
742 3735 833 3798 dicto
864 3734 1009 3798 Officiali
1039 3746 1085 3810 ut,
1114 3743 1175 3796 etc.
1225 3734 1281 3816 [In
1312 3735 1365 3797 tlte
1399 3737 1532 3818 margin
1544 3737 1615 3820 :-]

355 3838 487 3901 Desunt
504 3839 611 3902 littere
627 3839 892 3921 presentationis.
1066 3838 1073 3850 '

352 4137 464 4201 [Robert
470 4137 629 4198 Passelem
636 4138 784 4204 presented
792 4138 825 4205 by
838 4137 957 4190 Thomas
968 4137 1061 4206 Piget.
1070 4140 1147 4205 aster
1155 4154 1173 4189 a
1185 4137 1294 4205 despecte
1304 4137 1388 4190 about
1394 4139 1440 4190 tlte
1446 4141 1612 4208 pamma,

418 4221 442 4270 is
453 4219 599 4272 instituted
607 4225 633 4272 to
644 4219 689 4272 tlte
699 4219 800 4272 churctr
813 4221 848 4287 os
857 4219 881 4271 C
878 4219 965 4273 burch
978 4219 1156 4288 Brampton.]

442 4339 903 4402 BRAntl’TONE.—-Robertus
935 4339 1127 4415 Passelewe,
1151 4337 1293 4422 [blank],
1318 4349 1528 4421 presentatus
1555 4361 1615 4423 per

354 4443 520 4506 Thomam
536 4444 642 4525 Pycot
657 4442 699 4505 ad
715 4443 890 4505 ecclesiam
903 4442 947 4506 de
959 4443 1173 4525 Bramptone,
1189 4441 1278 4504 sacta
1291 4443 1382 4525 prius
1399 4442 1616 4524 inquisitione

354 4567 412 4630 per
440 4547 639 4627 Magistrum
668 4546 710 4621 S.‚
735 4545 923 4610 Officialem
953 4546 1231 4628 Norhamptonie,
1256 4556 1291 4609 et
1322 4547 1465 4628 receptis
1495 4547 1615 4610 litteris

354 4651 479 4714 domini
515 4651 616 4733 Regis
644 4649 892 4712 continentibus
923 4649 1014 4731 quod
1047 4650 1197 4713 Thomas
1229 4651 1339 4731 Pycot
1370 4650 1403 4712 in
1434 4650 1526 4712 curia
1555 4671 1617 4714 sua

354 4775 465 4817 coram
490 4753 680 4834 justiciariis
708 4753 775 4815 suis
802 4751 892 4834 apud
919 4752 1258 4815 Westmonasterium
1290 4753 1497 4834 recuperavit
1523 4754 1617 4816 scisi-

354 4879 431 4922 nam
456 4877 550 4920 suam
574 4877 688 4920 versus
712 4854 894 4918 Radullum
920 4855 1018 4919 dela
1043 4855 1143 4937 Haye
1167 4855 1210 4918 de
1232 4854 1455 4919 advocatione
1477 4856 1619 4920 ecclesie

353 4963 395 5026 de
412 4963 626 5043 Bramptone‚
643 4981 701 5042 per
715 4960 853 5022 assisam
871 4958 989 5022 ultime
1008 4960 1266 5040 presentationis
1288 4958 1366 5022 inde
1389 4959 1433 5021 ibi
1456 4959 1543 5022 inter
1557 4981 1619 5024 eos
