3609 5642
576 566 755 662 Episcopi
776 566 1058 639 Leocolnzensz's.
1378 590 1442 662 177

198 807 259 890 Qui
273 828 317 869 ex
334 804 504 869 beneficiis
520 806 581 868 sibi
598 806 735 881 collatis,
750 806 845 887 quasi
861 804 1080 869 beneficiendi
1097 806 1258 870 habentes
1274 810 1446 871 materiam

197 919 391 992 oportunam
406 909 532 972 exinde
547 930 649 991 opera
665 908 753 971 bona
769 908 914 971 lormant
930 929 969 971 ea
989 908 1199 973 laudabiliter
1213 910 1448 993 dispensando

196 1014 255 1076 alia
275 1013 337 1076 sibi
362 1013 523 1076 cumulari
548 1023 725 1088 merentur,
740 1033 816 1075 cum
839 1022 874 1075 et
893 1033 1044 1075 summus
1068 1013 1122 1076 ille
1141 1015 1290 1077 omnium
1314 1015 1447 1098 dispen-

196 1127 278 1179 sator
293 1118 448 1180 inventos
465 1119 499 1179 in
515 1137 622 1200 pauca
638 1115 753 1179 fideles
769 1118 953 1179 constituat
968 1137 1068 1199 supra
1085 1117 1198 1180 multa.
1246 1118 1331 1182 Cum
1349 1120 1449 1201 igitur

196 1222 274 1283 sicut
303 1219 500 1283 karissimus
530 1221 563 1283 in
594 1219 728 1284 Christo
757 1219 843 1282 filius
874 1228 995 1297 noster,
1029 1221 1203 1299 Henricus,
1235 1244 1295 1286 rex
1323 1224 1448 1307 Anglie

158 1314 161 1317 ⁴
196 1324 331 1400 illustris,
347 1326 418 1387 suis
433 1325 530 1387 nobis
546 1324 664 1388 litteris
680 1324 856 1400 intimavit,
872 1324 933 1387 tibi
951 1325 1048 1406 regiis
1071 1326 1238 1408 obsequiis
1259 1321 1400 1391 fideliter
1415 1340 1448 1392 et

196 1430 311 1492 utiliter
333 1429 501 1491 insistenti
525 1450 674 1491 annuum
698 1428 865 1492 redditum
889 1430 1008 1511 viginti
1035 1428 1193 1493 librarum
1217 1430 1260 1494 de
1283 1432 1448 1494 scaccario

195 1554 250 1595 suo
266 1554 327 1615 pro
343 1534 394 1596 tui
410 1534 653 1597 sustentatione
671 1532 813 1608 donarit,
828 1532 887 1595 sed
905 1553 965 1595 nec
981 1554 1025 1595 ex
1046 1534 1126 1615 ipsis
1142 1554 1203 1597 nec
1224 1556 1269 1598 ex
1286 1535 1359 1597 aliis
1377 1535 1448 1597 red-

195 1638 311 1700 ditibus
332 1638 402 1700 tuis
422 1640 600 1701 sustentari
620 1638 727 1720 possis
746 1638 893 1713 honeste,
912 1658 973 1699 nos
992 1647 1026 1701 et
1047 1648 1104 1701 tue
1126 1639 1251 1702 meritis
1272 1640 1448 1723 probitatis

196 1742 322 1819 inducti,
335 1751 373 1804 et
389 1742 492 1823 ipsius
504 1742 589 1823 regis
604 1750 639 1803 et
653 1741 793 1803 aliorum
810 1740 953 1823 plurium
971 1762 1031 1824 pro
1043 1751 1077 1803 te
1090 1743 1278 1824 rogantium
1296 1744 1449 1826 precibus

196 1845 346 1922 inclinati,
372 1855 483 1908 tecum
509 1846 645 1909 retentis
673 1844 841 1907 beneficiis
867 1865 933 1926 que
958 1866 1045 1908 nunc
1071 1846 1202 1909 obtines
1225 1846 1266 1909 ad
1294 1847 1361 1910 duo
1384 1848 1449 1911 alia

196 1950 375 2032 optinenda
397 1950 498 2013 etiam
523 1951 550 2011 si
573 1967 687 2011 curam
717 1948 864 2011 habeant
887 1950 1073 2012 animarum
1097 1970 1276 2027 annexam,
1300 1971 1366 2013 non
1390 1951 1448 2014 ob-

195 2063 298 2117 stante
320 2053 561 2117 constitutione
583 2052 747 2134 generalis
771 2051 919 2128 Concilii‚
936 2054 1133 2117 auctoritate
1157 2056 1359 2136 presentium
1383 2054 1449 2117 dis-

197 2177 379 2239 pensamus.
427 2157 518 2219 Nulli
534 2177 614 2238 ergo
629 2158 775 2233 omnino,
790 2165 852 2220 etc.
899 2157 935 2221 Si
952 2158 1026 2239 quis
1043 2167 1154 2221 autem
1171 2158 1319 2235 hoc,etc.
1359 2159 1449 2222 Data

198 2260 348 2325 Laterani
368 2262 399 2342 ij.
417 2281 522 2324 nonas
540 2261 621 2323 Maii
638 2260 852 2343 pontificatus
869 2261 972 2323 nostri
989 2282 1078 2323 anno
1094 2264 1246 2343 septimo,

275 2609 345 2693 [on
360 2608 575 2691 soson-1

680 2782 821 2847 Annus
844 2778 962 2846 xxvu

197 2952 329 3015 [llsr'llrizm
341 2952 378 3005 de
389 2938 542 3019 Dembelby,
555 2950 693 3019 chaploin,
701 2950 850 3018 presented
862 2950 979 3017 byJolm
989 2950 1023 3003 de
1034 2950 1153 3019 Hamby,
1165 2951 1190 3003 is
1201 2950 1345 3003 imlituted
1362 2956 1389 3003 to
1406 2948 1451 3003 oo

255 3034 359 3089 church
370 3035 407 3102 of
412 3033 503 3098 Hom,
514 3031 662 3098 Rutlond.]

279 3185 668 3253 HORNE.-Willelmus
706 3184 749 3249 de
780 3185 979 3268 Dembelby,
1009 3186 1209 3269 capellanus,
1240 3196 1450 3270 presentatus

199 3312 250 3373 per
268 3293 461 3375 Johannem
485 3290 528 3353 de
551 3288 700 3371 Hamby,
720 3289 870 3365 militem,
885 3288 928 3351 ad
952 3290 1125 3352 ecclesiam
1150 3290 1192 3353 de
1214 3290 1339 3367 Horne,
1363 3290 1450 3354 sacta

198 3397 281 3477 prius
308 3395 527 3478 inquisitione
557 3414 616 3475 per
637 3392 838 3475 Johannem,
861 3392 1145 3456 Archidiaconum
1174 3392 1450 3476 Norhamptonie,

199 3519 376 3582 perquam
410 3498 580 3581 negotium
609 3495 671 3558 luit
698 3497 731 3558 in
758 3496 930 3578 expedit0,
954 3496 997 3559 ad
1021 3497 1163 3561 eandem
1190 3497 1364 3559 ecclesiam
1391 3496 1449 3559 ad-

198 3604 310 3667 missus
326 3613 389 3680 est,
404 3612 438 3665 et
454 3603 487 3665 in
503 3623 544 3665 ea
559 3602 719 3665 canonice
735 3621 877 3684 persona
895 3602 1074 3664 institutus.
1122 3601 1166 3663 Et
1186 3600 1382 3663 mandatum
1398 3610 1450 3663 est

197 3708 298 3771 eidem
314 3706 564 3771 Archidiacono
581 3716 617 3769 ut
632 3704 783 3788 predicto
793 3703 964 3767 Willelmo
974 3705 1179 3786 corporalem
1197 3704 1299 3785 ipsius
1311 3704 1449 3767 ecclesie
1514 3736 1518 3743 ·

198 3814 438 3892 possessionem
454 3810 577 3872 habere
593 3809 699 3873 saciat.

197 4151 280 4220 [John
295 4154 330 4207 de
348 4150 473 4211 Hastom,
489 4150 658 4211 sub-deame,
670 4149 820 4218 presented
835 4149 931 4217 hythe
948 4148 1037 4201 Abbot
1050 4148 1086 4215 os
1098 4148 1177 4215 Bury
1193 4148 1234 4201 St.
1248 4147 1407 4207 Edmuusls,
1424 4149 1449 4201 is

255 4229 401 4283 instr'tuted
409 4233 437 4281 to
447 4229 493 4281 the
504 4228 604 4281 church
615 4229 650 4296 os
662 4228 815 4295 Warkton.]

277 4382 770 4464 WERKESTONE.-Magister
783 4380 955 4462 Johannes
978 4379 1021 4442 de
1042 4378 1196 4455 Histone,
1214 4377 1447 4456 subdiaconus,

199 4497 401 4566 presentatus
418 4506 477 4569 per
493 4485 662 4548 Abbatem
680 4485 795 4549 Sancti
813 4483 985 4547 Edmundi
1002 4482 1043 4545 ad
1060 4481 1233 4545 ecclesiam
1250 4480 1293 4543 de
1309 4480 1446 4545 Werke-

198 4599 296 4667 stone,
312 4592 401 4654 lacta
416 4591 508 4673 prius
524 4589 736 4672 inquisitione
754 4610 812 4672 per
825 4590 864 4671 J,
875 4587 1158 4652 Archidiaconum
1171 4583 1446 4667 Norhamptonie,

198 4705 228 4757 et
243 4698 382 4779 receptis
402 4696 519 4759 litteris
541 4695 694 4776 Magistri
711 4693 899 4757 Alexandri
919 4692 962 4755 de
983 4692 1109 4757 Sancto
1130 4690 1321 4767 Edmund0,
1340 4711 1445 4772 quon-

198 4798 270 4862 dam
285 4800 437 4881 ejusdem
452 4799 589 4863 ecclesie
606 4800 749 4875 rectoris
764 4797 966 4881 patentibus,
976 4817 1034 4879 per
1049 4816 1132 4878 quas
1148 4794 1254 4876 ipsam
1271 4794 1445 4858 ecclesiam

199 4903 229 4965 in
244 4925 360 4968 manus
382 4904 510 4967 domini
528 4903 685 4986 Episcopi
707 4904 895 4985 resignavit,
911 4922 969 4985 per
989 4922 1062 4984 que,
1077 4911 1147 4975 etc,
1163 4898 1205 4961 ad
1225 4898 1367 4961 eandem
1388 4899 1444 4961 ad-

200 5006 313 5070 missus
326 5019 387 5084 est,
402 5017 464 5070 etc.
510 5007 556 5071 Et
572 5006 768 5071 mandatum
784 5016 835 5071 est
850 5005 959 5071 eidem
978 5003 1224 5069 Archidiacono
1240 5012 1286 5078 ut,
1300 5010 1361 5064 etc.

260 5116 328 5171 Vot.
347 5117 384 5173 ΙΙ.
1368 5120 1386 5163 u
