3609 5642
358 609 377 657 2
383 608 430 677 34
703 585 841 658 Rotulz'
864 584 1039 681 Hugonz‘s
1065 585 1109 658 de
1143 585 1276 659 Welles

265 899 269 908 ⁸
354 824 397 887 ad
415 825 697 906 presentationem
714 824 875 888 Willelmi
893 824 1040 901 Burdun,
1057 826 1188 907 patroni
1205 826 1343 891 ecclesie
1359 826 1402 889 de
1424 826 1615 909 Deseburg',

355 926 514 990 dilectum
537 928 569 989 in
592 927 726 991 Christo
747 926 851 991 filium
876 928 1076 1011 Magistrum
1102 928 1271 1011 Rogerum
1288 929 1331 993 de
1353 929 1614 1013 Bissopesleghe,

354 1030 519 1105 clericum,
535 1029 577 1093 ad
594 1031 737 1094 eandem
759 1031 934 1094 ecclesiam
954 1029 1131 1094 admisisse
1154 1032 1331 1115 ipsumque
1352 1032 1385 1095 in
1401 1053 1442 1096 ea
1456 1034 1614 1097 canonice

355 1156 531 1217 personam
556 1135 748 1211 instituisse,
767 1137 867 1199 salvis
890 1147 952 1200 etc.
998 1136 1099 1218 Quod
1124 1147 1161 1201 ut
1183 1147 1254 1213 etc,
1278 1137 1427 1215 testibus
1454 1138 1615 1221 Magistro

354 1238 406 1301 W.
422 1239 466 1303 de
483 1240 740 1322 Beningworthe
755 1250 788 1302 et
807 1240 944 1302 Warino
957 1239 1000 1302 de
1018 1239 1226 1321 Kyrketone,
1242 1241 1432 1325 capellanis
1445 1241 1613 1325 Magistris

355 1343 537 1406 Amaurico
558 1342 601 1405 de
623 1342 803 1425 Bugedene
822 1353 856 1405 et
877 1343 1023 1406 Ricardo
1043 1342 1085 1405 de
1106 1342 1308 1419 Wendoure,
1325 1344 1376 1406 W.
1397 1341 1440 1406 de
1457 1343 1611 1407 Winche-

354 1448 473 1510 combe
503 1458 538 1511 et
570 1448 608 1509 R.
638 1446 682 1510 de
720 1446 866 1523 Oxonia,
897 1446 1068 1509 canonicis
1110 1447 1408 1519 Lincolniensibus,
1443 1447 1613 1531 Magistris

357 1551 501 1614 Ricardo
530 1551 658 1614 Devon'
689 1562 723 1614 et
755 1550 796 1613 A.
827 1549 870 1614 de
901 1550 1085 1626 Arundell'‚
1110 1551 1173 1613 Th.
1204 1551 1246 1614 de
1278 1550 1419 1633 Askeby
1448 1561 1483 1615 et
1515 1552 1548 1616 S.
1575 1551 1616 1614 de

355 1654 667 1730 Caste110,clericis.
715 1655 807 1718 Data
829 1675 889 1736 per
912 1675 1051 1718 manum
1076 1665 1226 1718 nostram
1250 1653 1340 1738 apud
1367 1653 1525 1737 Kildeby,
1541 1676 1613 1737 sep-

354 1759 437 1821 timo
453 1758 614 1821 kalendas
631 1757 802 1821 Februarii
819 1778 908 1822 anno
925 1757 1141 1841 pontificatus
1158 1760 1262 1821 nostri
1280 1760 1353 1821 xxi.

353 2120 460 2189 [Grant
469 2125 496 2173 to
508 2119 553 2172 tlrc
562 2121 663 2187 priozv
673 2122 709 2189 os
721 2120 826 2172 anton
841 2120 876 2187 os
889 2122 934 2172 tlte
949 2121 1162 2188 approprrblt'orr
1181 2120 1217 2188 os
1228 2120 1273 2173 tlte
1290 2120 1390 2173 clrurclr
1402 2120 1438 2187 os
1450 2119 1613 2181 Ruslrdene;

421 2201 509 2269 April
517 2220 540 2268 ᾳ.
552 2219 615 2266 1²30
622 2218 636 2263 ,¹
651 2218 694 2254 see
700 2204 731 2267 p.
745 2206 812 2266 152]

441 2336 570 2401 CARTA
604 2351 877 2402 MONACHORUM
906 2352 955 2399 DE
982 2338 1171 2401 LENTONE
1202 2352 1320 2403 SUPER
1353 2339 1539 2404 ECCLEsm
1567 2353 1613 2401 DE

355 2442 824 2506 RlSSENDENE‚—Omnibus
848 2454 908 2505 etc.
957 2442 1097 2505 Noverit
1127 2442 1324 2505 universitas
1348 2452 1457 2505 vestra
1488 2464 1550 2505 nos
1573 2442 1614 2505 de

353 2566 517 2608 consensu
541 2556 575 2608 et
598 2545 781 2609 voluntatis
804 2544 918 2609 dilecti
951 2545 1018 2621 filii,
1041 2544 1093 2608 W.
1120 2546 1257 2623 Decani,
1279 2556 1314 2609 et
1341 2545 1478 2628 capituli
1510 2548 1613 2609 nostri

355 2648 505 2712 Lincoln’
532 2650 744 2725 concessisse,
771 2648 904 2711 dedisse
934 2659 968 2712 et
1000 2648 1061 2711 hac
1092 2650 1238 2730 presenti
1270 2658 1360 2713 carta
1390 2658 1505 2712 nostra
1536 2669 1613 2712 con-

353 2753 502 2816 firmasse
517 2752 649 2816 dilectis
673 2752 770 2816 nobis
793 2754 827 2815 in
851 2753 984 2817 Christo
1012 2752 1112 2815 Priori
1136 2762 1171 2816 et
1194 2752 1372 2816 conventui
1393 2752 1436 2816 de
1454 2752 1616 2825 Lentone,

354 2858 502 2939 patronis
527 2857 665 2920 ecclesie
690 2854 732 2919 de
765 2856 982 2932 Rissendene,
1005 2856 1171 2919 decimam
1201 2856 1379 2939 garbarum
1410 2866 1444 2920 et
1475 2855 1541 2919 seni
1573 2856 1615 2918 ad

353 2962 460 3043 ipsam
481 2962 654 3023 ecclesiam
680 2962 902 3042 pertinentem
926 2962 958 3025 in
979 2961 1130 3043 proprios
1152 2980 1231 3023 usus
1252 2980 1367 3023 eorum
1387 2970 1421 3022 et
1444 2959 1616 3042 hospitali-

353 3063 431 3127 tatis
458 3075 678 3146 augmentum
704 3065 840 3127 nomine
864 3062 1017 3127 beneficii
1043 3065 1193 3146 perpetui
1223 3062 1460 3145 possidendam
1493 3074 1616 3145 preter-

352 3168 509 3249 quamde
532 3168 591 3230 xiii
609 3168 745 3252 virgatis
765 3179 851 3231 terre
872 3167 1078 3250 subscriptis
1094 3167 1136 3231 de
1152 3167 1274 3249 quibus
1289 3167 1419 3230 decime
1437 3166 1614 3249 garbarum

351 3280 385 3333 et
409 3270 474 3333 seni
495 3272 528 3333 in
551 3274 740 3353 portionem
760 3271 841 3353 ejus¹
857 3272 915 3353 qui
938 3292 998 3354 pro
1019 3281 1171 3353 tempore
1191 3270 1294 3352 ipsius
1315 3270 1455 3333 ecclesie
1475 3290 1617 3353 persona

352 3374 459 3451 fuerit,
474 3375 596 3438 cedent
616 3376 649 3437 in
668 3386 866 3459 perpetuum
883 3397 889 3451 ;
913 3378 970 3457 qui
991 3375 1139 3457 quidem,
1155 3375 1197 3438 ad
1215 3374 1381 3437 dictorum
1399 3385 1615 3457 patronorum

353 3480 637 3559 presentationem
669 3500 727 3561 per
758 3500 819 3543 nos
849 3489 884 3543 et
915 3500 1124 3543 successores
1155 3488 1286 3541 nostros
1318 3476 1549 3543 admittendus
1581 3490 1616 3543 et

352 3577 577 3641 instituendus
597 3578 630 3640 in
651 3579 780 3654 eadem,
801 3578 939 3642 habebit
959 3579 1057 3641 simul
1084 3598 1160 3641 cum
1180 3578 1312 3641 decima
1330 3577 1374 3641 de
1398 3578 1458 3640 xiii
1480 3578 1616 3659 virgatis

351 3694 438 3745 terre
466 3681 623 3764 predictis
648 3693 756 3745 totum
783 3683 982 3765 altaragium
1010 3693 1044 3747 et
1071 3702 1188 3745 omnes
1220 3682 1367 3745 minutas
1393 3680 1542 3745 decimas
1572 3682 1614 3745 ad

351 3785 494 3850 eandem
528 3786 704 3850 ecclesiam
744 3776 949 3869 pertinentes
980 3799 1013 3851 et
1044 3787 1271 3851 obventiones
1331 3784 1483 3849 Habebit
1512 3786 1614 3850 etiam

353 3909 507 3952 mansum
538 3890 595 3971 qui
627 3889 690 3952 suit
727 3890 909 3973 Hawis[ie]
941 3890 1182 3973 Temprenoise
1217 3910 1292 3951 cum
1330 3888 1540 3971 pertinentiis
1572 3890 1613 3953 ad

353 3993 618 4058 inhabitandum.
668 3996 820 4059 I’reterea
850 3996 987 4059 habebit
1011 3996 1185 4058 dimidiam
1209 3995 1374 4077 virgatam
1405 4006 1490 4057 terre
1513 4015 1614 4076 quarn

354 4097 543 4161 Willelmus
566 4098 682 4161 Bunch
704 4098 793 4180 prius
814 4098 1007 4181 capellanus
1031 4098 1155 4161 ibidem
1178 4098 1285 4161 tenuit
1305 4095 1441 4159 liberam
1464 4096 1508 4159 ab
1523 4099 1614 4161 omni

352 4200 530 4263 exactione
564 4200 702 4263 seculari
733 4212 767 4264 et
797 4223 818 4264 a
848 4202 1055 4265 decimarum
1088 4200 1292 4282 prestatione
1322 4201 1480 4280 quietam.
1529 4200 1613 4263 ltem

352 4303 489 4367 habebit
512 4304 679 4368 redditum
704 4316 834 4387 septem
858 4306 1040 4369 solidorum
1065 4316 1099 4369 et
1122 4315 1199 4367 octo
1221 4304 1434 4367 denariorum
1458 4302 1500 4366 de
1527 4304 1615 4367 Hos-

353 4406 446 4488 pitali
467 4409 574 4471 sancti
595 4408 713 4489 Jacobi
737 4410 769 4471 in
796 4410 915 4473 eadem
937 4410 1095 4491 parochia
1114 4418 1149 4471 et
1169 4408 1286 4489 viginti
1306 4406 1550 4488 den[ariorum]
1573 4406 1615 4470 de

353 4511 437 4573 tosto
460 4510 603 4574 Arnoldi
627 4512 657 4574 le
680 4512 826 4595 Tippere
850 4515 1025 4577 annuatim
1049 4510 1352 4595 percipiend[um];
1375 4519 1410 4572 et
1437 4510 1615 4573 sustinebit

353 4634 495 4695 persona
524 4616 638 4678 omnia
668 4638 770 4680 onera
800 4617 968 4681 ordinaria
998 4619 1124 4681 dictam
1167 4615 1340 4679 ecclesiam
1377 4614 1616 4696 contingentia,

353 4716 467 4780 debita
497 4729 531 4780 ct
561 4731 744 4794 consueta;
768 4732 802 4784 et
833 4721 1037 4784 ministrabit
1069 4719 1286 4803 personaliter
1318 4718 1349 4779 in
1381 4716 1508 4780 cadem.
1563 4716 1615 4779 De

353 4822 509 4885 oneribus
541 4845 620 4885 vero
650 4824 924 4888 extraordinariis
955 4824 1035 4888 dicti
1072 4823 1226 4885 monachi
1266 4842 1325 4903 pro
1364 4820 1517 4903 portione
1556 4842 1615 4883 sua

354 4925 612 5007 respondebunt,
630 4929 730 4990 salvis
746 4940 807 4993 etc.
854 4929 1031 4993 Tredecim
1050 4938 1161 4991 autem
1180 4927 1307 5007 virgate
1323 4936 1419 4999 terre,
1434 4924 1477 4987 de
1492 4924 1614 5006 quibus

352 5050 453 5111 supra
480 5030 608 5095 dictum
639 5044 699 5110 est,
721 5044 800 5097 sunt
825 5035 907 5110 iste;
931 5032 1071 5097 dimidia
1095 5034 1224 5114 virgata
1248 5029 1406 5093 Edwardi
1434 5027 1464 5093 le
1497 5028 1613 5092 Newe·
