3609 5642
626 519 802 618 Episcopi
824 521 1106 594 Le'ucelnieusz's.
1426 528 1491 616 165

228 757 326 818 curia
341 765 376 819 et
392 767 621 840 cognoverunt
633 757 889 840 advocationem
906 759 1056 840 ejusdem
1080 759 1217 824 ecclesie
1232 781 1305 824 esse
1318 759 1372 841 jus
1389 761 1492 844 ipsius

231 861 358 924 Prioris
384 873 419 926 et
443 860 581 925 ecclesie
607 883 666 926 sue
698 863 974 945 Norhamptonie,
1003 873 1036 926 et
1064 864 1259 927 remiserunt
1281 873 1316 928 et
1341 865 1491 946 quietum

228 964 463 1028 clamaverunt
480 965 522 1028 de
537 987 574 1028 se
588 977 622 1029 et
646 965 824 1029 heredibus
847 968 915 1029 suis
938 967 1047 1030 eidem
1065 968 1168 1030 Priori
1191 979 1224 1030 et
1248 969 1492 1032 successoribus

227 1067 303 1130 suis
319 1077 428 1131 totum
443 1066 496 1148 jus
512 1078 545 1131 et
569 1068 725 1132 clamium
749 1069 840 1152 quod
863 1069 1051 1134 habuerunt
1066 1070 1100 1133 in
1122 1070 1240 1134 eadem
1264 1071 1493 1148 advocatione,

229 1192 375 1254 perque
399 1174 570 1256 negotium
595 1174 656 1238 suit
679 1177 710 1236 in
735 1176 906 1258 expedito,
921 1174 964 1238 ad
981 1175 1123 1239 eandem
1147 1175 1311 1238 admissus
1335 1186 1394 1252 est,
1409 1186 1443 1240 et
1458 1177 1491 1240 in

227 1295 275 1337 ea
304 1277 465 1340 canonice
496 1297 637 1360 persona
669 1279 848 1342 institutus
896 1279 942 1341 Et
969 1277 1154 1359 injunctum
1179 1287 1230 1342 est
1259 1277 1350 1341 dicto
1375 1278 1491 1343 Archi-

228 1377 378 1442 diacono
395 1383 539 1463 presenti
563 1392 599 1445 ut
622 1381 748 1445 dictum
775 1383 975 1466 Magistrum
999 1380 1205 1444 Willelmum
1230 1382 1262 1445 in
1287 1383 1492 1465 corporalem

230 1483 339 1565 ipsius
355 1483 493 1548 ecclesie
509 1486 752 1567 possessionem
770 1484 914 1549 inducat.

229 1827 374 1893 [Richard
387 1828 422 1881 de
438 1829 572 1890 Mortone,
590 1828 728 1896 chaplain,
744 1829 891 1897 presented
898 1830 932 1898 ty
942 1829 988 1882 tlte
998 1829 1089 1884 Attae
1102 1829 1163 1881 arrd
1179 1830 1305 1882 Conveni
1319 1831 1355 1896 os
1371 1829 1497 1898 Welsord

302 1911 345 1975 (or
353 1911 457 1979 Sulby),
469 1911 495 1964 is
506 1911 652 1964 instituted
659 1912 740 1964 mear
748 1913 784 1980 os
794 1911 924 1981 Welferd.
963 1911 1021 1964 Tite
1030 1913 1162 1979 ve'carage
1172 1912 1198 1964 is
1207 1911 1362 1980 described]

323 2031 811 2095 WELLEFORDE.—Ricardus
827 2031 869 2095 de
888 2033 1053 2109 Mortone,
1069 2031 1269 2114 capellanus,
1285 2043 1494 2114 presentatus

231 2156 294 2218 per
311 2134 480 2198 Abbatem
497 2145 531 2199 et
543 2146 744 2199 conventum
758 2136 800 2200 de
816 2135 1020 2199 Welleforde
1029 2134 1071 2198 ad
1085 2136 1241 2198 vicariam
1255 2135 1492 2218 parrochialem

229 2239 374 2302 ecclesie
383 2238 426 2302 de
437 2239 648 2317 Welleforde,
661 2240 748 2302 sacta
761 2241 850 2322 prius
862 2240 1076 2322 inquisitione
1089 2261 1148 2322 per
1159 2240 1197 2321 J,
1212 2239 1492 2303 Archidiaconum
1594 2296 1596 2300 ,

232 2341 512 2424 Norhamptonie,
528 2364 587 2426 per
610 2364 721 2424 quam,
744 2353 815 2418 etc,
834 2342 876 2406 ad
898 2343 1039 2405 eandem
1061 2342 1226 2405 admissus
1249 2353 1394 2420 estete,
1418 2363 1493 2406 cum

230 2466 335 2510 onere
359 2457 393 2510 et
419 2468 505 2530 pena
529 2448 735 2510 vicariorum.
782 2447 943 2512 Consistit
971 2456 1083 2510 autem
1112 2447 1184 2529 ipsa
1209 2446 1331 2510 vicaria
1362 2448 1394 2509 in
1421 2457 1493 2511 toto

229 2551 398 2633 altare-gio
412 2561 447 2614 et
463 2572 538 2614 acra
555 2562 640 2615 terre
655 2562 688 2615 et
712 2550 860 2628 dimidia,
875 2561 910 2615 et
934 2570 1051 2613 manso
1074 2552 1287 2633 competenti.
1335 2552 1380 2614 Et
1397 2572 1491 2614 man-

229 2653 351 2717 datum
368 2665 419 2718 est
435 2655 525 2719 dicto
543 2654 791 2718 Archidiacono
806 2664 851 2732 ut,
867 2665 928 2718 etc.

231 2998 332 3066 [Peter
343 2997 379 3051 de
401 2997 506 3060 Waldo,
517 2999 687 3059 neb-deaeen,
697 2999 846 3067 presented
859 2999 892 3066 by
909 2998 1039 3060 Roaldus,
1053 3014 1103 3052 sen
1118 3000 1154 3067 of
1165 2998 1250 3061 Aleu,
1267 3000 1292 3052 is
1308 2999 1455 3053 instituted
1468 3006 1495 3054 to

299 3080 346 3133 tlte
356 3081 472 3148 nudiety
483 3081 569 3150 ostie
581 3081 681 3134 chureii
692 3084 728 3149 of
738 3081 846 3132 Tansor
854 3079 947 3132 wiee‘ch
959 3079 1084 3133 Ricterd
1091 3079 1126 3132 de
1136 3080 1289 3148 Steveneby
1300 3080 1361 3133 had
1369 3081 1454 3150 held]

323 3199 801 3282 TANESOUERE.-Magister
823 3200 939 3262 Petrus
959 3198 1001 3261 de
1021 3198 1153 3274 waldo,
1172 3198 1405 3276 subdiaconus
1422 3221 1493 3283 pre-

231 3313 385 3367 sentatus
401 3325 461 3387 per
478 3304 646 3367 Roaldum
663 3303 767 3366 filium
786 3302 886 3365 Alani
903 3301 946 3365 ad
960 3303 1050 3365 illam
1068 3301 1282 3366 medietatem
1295 3303 1435 3366 ecclesie
1452 3304 1494 3368 de

233 3407 430 3472 Tanesoure
446 3429 547 3490 quam
573 3408 737 3472 Ricardus
760 3408 803 3470 de
827 3406 1020 3489 Staveneby
1035 3407 1154 3468 ultimo
1169 3408 1285 3483 tenuit,
1301 3406 1389 3470 facta
1404 3409 1494 3490 prius

235 3513 451 3594 inquisitione
467 3535 526 3595 per
543 3514 743 3596 Magistrum
762 3513 804 3588 S,
822 3510 1009 3576 Officialem
1028 3510 1303 3592 Norhamptonie,
1320 3532 1494 3593 perquam

230 3625 303 3694 etc,
318 3617 361 3680 ad
378 3616 519 3680 eandem
546 3615 761 3680 medietatem
784 3615 951 3678 admissus
973 3624 1033 3691 est,
1048 3625 1119 3690 etc,
1142 3613 1242 3676 salvis
1258 3613 1427 3694 prebende
1450 3614 1493 3677 de

234 3720 439 3784 Nessintone
465 3720 596 3784 duabus
619 3721 739 3783 marcis
762 3718 880 3783 annuis
904 3728 938 3782 et
961 3717 1108 3782 dimidia
1155 3716 1200 3778 Et
1224 3716 1422 3780 mandatum
1442 3729 1493 3782 est

232 3824 390 3905 Johanni‚
406 3825 654 3890 Archidiacono
672 3825 939 3907 Norhamptonie
956 3833 1001 3899 ut,
1016 3833 1078 3886 etc.

229 4169 348 4237 [Aymer
371 4170 405 4222 de
433 4171 652 4233 Thacteworthe
671 4171 809 4238 ctaplain,
831 4167 981 4236 presented
1013 4167 1046 4234 by
1075 4166 1181 4219 Walter
1204 4166 1239 4218 de
1266 4165 1422 4233 Cantilup0,
1448 4165 1494 4219 tlte

296 4253 398 4315 Recter,
411 4253 480 4305 with
493 4253 538 4305 tlte
545 4253 696 4320 consentes
707 4251 832 4305 William
841 4250 875 4303 de
889 4251 1043 4317 Cantilup0,
1054 4248 1099 4301 tlte
1108 4252 1218 4316 patron,
1228 4248 1253 4300 is
1261 4248 1408 4300 instituted
1415 4249 1495 4302 vicar

295 4336 332 4403 os
337 4335 475 4388 Bulwick.
513 4335 540 4388 T
535 4337 570 4388 he
581 4337 712 4404 vicarnge
723 4333 915 4402 i'sdescribed]

319 4446 734 4511 BULEWICE.—Aimerus
761 4446 803 4509 de
826 4445 1100 4520 Thaclreworthe,
1124 4442 1325 4525 capellanus,
1357 4461 1488 4524 presen-

233 4559 322 4612 tatus
339 4571 398 4632 per
416 4552 615 4633 Magistnrm
632 4551 817 4614 Walterum
839 4549 881 4613 ‹le
902 4548 1092 4630 Cantilup0,
1112 4557 1272 4610 rectorem
1288 4546 1427 4609 ecclesie
1448 4546 1490 4608 de

233 4652 394 4730 Bulewic'‚
405 4655 448 4718 ad
462 4666 657 4738 perpetuam
671 4656 773 4737 ipsius
786 4655 924 4717 ecclesie
935 4654 1100 4729 vicariam,
1111 4651 1351 4715 interveniente
1362 4650 1490 4713 domini

232 4755 390 4821 Willelmi
415 4759 458 4822 de
475 4759 665 4842 Cantilup0,
680 4759 769 4822 dicte
788 4758 926 4822 ecclesie
946 4757 1087 4840 patroni,
1102 4774 1275 4830 consensu,
1291 4753 1379 4816 facta
1401 4754 1490 4835 prius

231 4863 447 4944 inquisitione
470 4885 529 4946 per
551 4864 588 4945 J,
606 4863 887 4926 Archidiaconum
914 4859 1190 4941 Norhamptonie,
1213 4878 1271 4940 per
1293 4877 1404 4939 quam,
1419 4868 1490 4935 etc,

232 4964 274 5028 ad
291 4965 436 5029 eandem
459 4967 625 5030 admissus
648 4977 707 5044 est,
722 4977 793 5042 etc,
809 4986 884 5028 cum
910 4984 1009 5028 onere
1033 4961 1197 5026 residendi
1217 4962 1434 5043 personaliter
1457 4961 1490 5025 in
