3609 5642
610 573 788 672 Episcopi
821 573 1105 648 Lt‘ncolnienst‘s.
1442 594 1488 667 59

224 810 367 880 [Michaet
380 812 415 864 de
431 811 616 875 Haveesttum,
629 812 707 874 cttrk,
720 812 870 880 presented
885 812 919 881 by
935 811 1070 865 Nicholas
1088 811 1123 864 de
1138 811 1325 874 Huversttum,
1344 810 1452 879 knegitt,
1464 811 1490 863 is

292 893 440 946 instituted
442 896 549 961 parson
560 896 597 962 of
601 893 802 960 Haversham]

320 1012 762 1077 Heumann-Mimas
787 1011 829 1075 de
856 1011 1076 1087 Haversham,
1099 1012 1246 1086 clericus,
1277 1021 1489 1095 presentatus

226 1135 289 1198 per
313 1115 513 1178 Nicholaum
538 1115 580 1178 de
607 1114 827 1192 Haversham,
852 1115 1002 1191 militem,
1025 1116 1069 1179 ad
1093 1116 1267 1178 ecclesiam
1292 1115 1334 1178 de
1361 1115 1489 1178 Haver-

227 1219 334 1295 sham,
350 1219 438 1282 facta
454 1220 544 1301 prius
560 1219 774 1300 inquisitione
790 1240 849 1301 per
866 1219 1066 1302 Magistrum
1084 1220 1132 1295 T,
1155 1217 1343 1283 Officialem
1369 1219 1488 1282 Archi-

227 1321 360 1386 diaconi
396 1322 719 1405 BugginhamiensiS,
756 1333 827 1399 etc,
857 1323 1023 1391 admissus
1054 1333 1105 1386 est
1136 1324 1169 1386 in
1196 1344 1237 1386 ea
1263 1333 1297 1386 et
1327 1323 1489 1385 canonice

228 1446 372 1510 persona
388 1427 568 1489 institutus.
616 1427 661 1490 Et
677 1427 874 1489 mandatum
890 1438 942 1490 est
954 1426 1045 1490 dicto
1062 1426 1215 1504 Officiali,
1231 1437 1292 1491 etc.

227 1629 367 1698 [Wannr.
380 1631 519 1697 chaptain,
527 1630 675 1697 presented
683 1629 716 1698 by
727 1631 772 1682 tite
782 1629 871 1683 Attor
885 1631 947 1684 and
963 1629 1089 1683 Convent
1102 1631 1139 1700 os
1152 1630 1291 1692 Coutours,
1304 1631 1330 1681 is
1346 1629 1492 1682 iente'tuted

288 1713 440 1780 perpetual
448 1715 528 1767 vicar
536 1715 573 1781 of
579 1714 663 1767 Little
680 1713 818 1768 Wootston
829 1707 950 1783 chureii]

317 1833 1232 1918 WLSISTONE.-GameriuS,cappellanus,presentatus
1246 1854 1304 1916 per
1315 1833 1487 1898 Abbatem

227 1949 263 2001 et
293 1948 495 2002 conventum
527 1938 570 2002 de
601 1938 740 2002 Cultura
769 1940 812 2003 ad
844 1949 1040 2021 perpetuam
1076 1939 1231 2002 vicariam
1269 1938 1408 2001 ecclesie
1445 1938 1488 2002 de

229 2041 422 2117 Wlsistone,
437 2041 662 2105 ordinatama
685 2043 823 2106 domino
848 2043 1018 2124 Episcopo
1041 2042 1084 2105 de
1107 2062 1271 2105 consensu
1295 2041 1489 2118 eorundem,

228 2144 395 2208 admissus
411 2155 470 2221 est,
493 2155 528 2208 et
550 2145 692 2209 vicarius
715 2155 895 2228 perpetuus
920 2147 1101 2222 institutus,
1116 2166 1193 2209 cum
1217 2166 1318 2209 onere
1340 2155 1375 2210 et
1399 2166 1488 2229 pena

228 2248 434 2312 vicariorum.
482 2249 527 2312 Et
569 2249 766 2312 mandatum
805 2260 856 2312 est
887 2248 1031 2313 Officiali
1068 2249 1307 2313 Archidiaconi
1339 2249 1488 2332 Buking-

228 2353 419 2427 hamiensis,
434 2361 495 2415 etc.

228 2554 271 2623 [T
267 2553 365 2608 tomas
375 2554 408 2607 de
419 2555 559 2621 Neuporte
569 2555 678 2616 Painel,
690 2554 858 2615 snb-deam,
866 2555 1017 2622 presented
1030 2555 1063 2623 by
1075 2556 1120 2607 tlte
1138 2555 1225 2609 Prior
1238 2556 1299 2609 and
1316 2556 1442 2609 Conveni
1456 2558 1493 2624 os

294 2636 435 2704 Neuport,
453 2638 478 2689 is
493 2636 640 2690 instituted
653 2642 680 2690 to
693 2637 738 2690 tlte
747 2637 895 2704 perpetual
910 2639 1042 2706 veterage
1056 2640 1092 2707 of
1101 2637 1241 2701 Astwood,
1254 2638 1301 2691 tite
1314 2639 1446 2708 asminge
1458 2641 1494 2710 os

295 2718 386 2771 whtett
397 2721 422 2771 is
433 2723 474 2771 set
482 2724 536 2771 out.
571 2718 616 2772 He
627 2720 652 2771 is
663 2724 712 2772 not
722 2724 750 2771 to
761 2718 791 2771 be
800 2719 947 2772 instituted
955 2719 1075 2772 without
1084 2720 1130 2771 tlte
1140 2720 1232 2772 letters
1243 2720 1488 2789 ospresentetion.]

318 2837 708 2901 ESTWODE.-Thomas
739 2837 781 2901 de
814 2839 987 2921 Neuporte
1011 2839 1135 2916 Painel,
1158 2831 1391 2916 subdiaconus,
1414 2861 1487 2923 pre·

228 2949 380 3004 sentatus
412 2961 470 3022 per
497 2941 643 3004 Priorem
675 2952 710 3004 et
740 2953 943 3006 conventum
970 2942 1013 3006 de
1039 2943 1193 3025 Neuport
1218 2943 1260 3006 ad
1289 2955 1487 3027 perpetuam

228 3045 385 3109 vicariam
402 3043 541 3107 ecclesie
554 3045 596 3108 de
614 3045 781 3122 Estwode,
795 3066 861 3127 que
877 3047 1030 3109 consistit
1046 3047 1078 3108 in
1096 3057 1168 3111 toto
1184 3047 1345 3129 altaragio
1356 3047 1488 3111 valente

228 3150 377 3231 quinque
407 3168 545 3225 marcas,
576 3148 742 3212 admissus
773 3158 832 3225 est,
862 3158 934 3224 etc,
963 3161 1007 3219 et,
1028 3151 1252 3233 assignabitur
1281 3151 1311 3214 ei
1343 3171 1487 3215 mansus,

232 3252 425 3335 lnjunctum
447 3263 498 3316 est
519 3253 638 3316 clerico
660 3253 821 3318 Officialis
847 3253 1085 3317 Archidiaconi
1112 3254 1427 3338 Bukinghamiensis
1452 3268 1489 3320 ut

229 3376 298 3419 non
315 3356 452 3420 inducat
468 3378 544 3420 eum
562 3357 595 3420 in
612 3359 857 3439 possessionem
874 3357 965 3420 dicte
980 3358 1118 3421 ecclesie
1134 3359 1195 3420 nisi
1217 3359 1339 3423 habeat
1360 3360 1488 3424 litteras

229 3461 496 3543 presentationis,
512 3481 595 3543 quas
612 3461 747 3542 quidem
765 3482 832 3524 non
849 3461 1021 3538 habemus,
1037 3482 1098 3524 nec
1115 3462 1372 3543 inquisitionem.

229 3666 343 3734 [Adam.
355 3666 494 3735 etreplatn,
501 3667 651 3734 presented
658 3666 691 3735 by
703 3667 749 3720 tite
759 3667 846 3720 Pn'rn
855 3669 890 3737 os
901 3668 941 3721 St.
948 3666 1028 3734 solen
1038 3669 1074 3736 os
1086 3667 1246 3733 lunanum,
1259 3669 1285 3721 is
1301 3669 1446 3723 instituted
1460 3677 1488 3724 te

295 3748 341 3801 tite
353 3747 453 3802 thurcis
465 3748 501 3817 of
510 3749 612 3818 Ouing,
624 3749 730 3816 saving
741 3765 797 3816 any
802 3750 923 3816 pension
933 3747 987 3801 due
997 3755 1025 3802 te
1036 3749 1082 3801 tite
1092 3748 1197 3818 Prion]

319 3867 680 3944 UVINGKE.-Adam,
718 3867 944 3950 cappellanus,
981 3877 1190 3949 presentatus
1233 3889 1292 3951 per
1337 3869 1485 3934 Priorem

232 3971 420 4055 Hospitalis
435 3970 695 4052 Jerosolimitani
713 3971 746 4033 in
772 3970 899 4054 Anglia
919 3970 962 4033 ad
984 3971 1158 4034 ecclesiam
1174 3971 1217 4034 de
1239 3972 1382 4055 Uvinge,
1398 3973 1486 4038 facta

230 4075 322 4158 prius
337 4074 550 4155 inquisitione
566 4094 624 4156 per
641 4073 827 4138 Officialem
847 4073 1197 4156 Bukinghamiensem,
1209 4073 1374 4139 admissus
1389 4087 1441 4140 est
1452 4087 1486 4141 et

228 4197 373 4261 persona
389 4177 568 4253 institutus,
584 4176 783 4240 salvedicto
800 4177 904 4240 Priori
920 4187 954 4239 et
973 4176 1128 4240 fratribus
1152 4177 1339 4260 Hospitalis
1354 4180 1486 4261 Jeroso-

229 4281 372 4344 limitani
395 4279 510 4342 debita
532 4291 566 4342 et
589 4280 728 4360 antiqua
751 4281 913 4363 pensione
935 4281 1044 4360 siqua
1068 4279 1172 4343 luerit.
1219 4280 1265 4345 Et
1289 4283 1484 4347 mandatum

229 4394 281 4449 est
297 4382 447 4466 predicto
464 4382 617 4459 officiali,
633 4393 693 4446 etc.
742 4383 819 4447 Non
836 4383 998 4445 habemus
1014 4382 1142 4447 litteras
1158 4387 1421 4465 presentationis.

231 4603 355 4674 [Walter
369 4603 402 4657 de
424 4603 562 4664 Wintona,
574 4601 652 4666 clerk,
660 4602 809 4669 presented
822 4602 854 4670 by
870 4602 915 4654 tite
931 4602 1033 4655 Abbess
1047 4603 1109 4655 und
1126 4603 1250 4656 Cettvent
1264 4605 1299 4673 os
1310 4605 1450 4675 Barkeng,
1461 4608 1487 4660 is

296 4685 441 4738 instituted
449 4689 475 4737 to
486 4683 531 4736 tlte
542 4683 641 4737 charete
653 4684 689 4750 os
696 4685 812 4750 Slapton
824 4699 859 4735 on
871 4683 917 4736 tlte
928 4684 1024 4736 Nenes
1033 4685 1069 4746 of
1076 4685 1191 4752 August
1200 4686 1232 4738 in
1243 4685 1289 4737 tite
1300 4687 1361 4750 reth
1367 4689 1457 4758 για]

319 4803 697 4872 SLAPTONE.-Annus
734 4814 872 4885 quartus
909 4805 1067 4867 decimus.
1129 4804 1232 4867 Anno
1272 4807 1485 4887 pontificatus

232 4910 359 4974 domini
399 4907 558 4990 Episcopi
600 4907 852 4988 quartodecimo
894 4908 990 4970 nonis
1034 4906 1190 4989 Augusti,
1232 4907 1400 4972 Walterus
1442 4911 1484 4974 de

234 5015 404 5088 Wintona,
426 5011 572 5086 clericus,
595 5021 805 5092 presentatus
836 5031 894 5092 per
921 5010 1135 5074 Abbatissam
1158 5021 1193 5074 et
1216 5023 1419 5076 conventum
1441 5014 1485 5078 de
1554 5004 1556 5007 ¹
1644 5035 1653 5053 ·
