3609 5642
629 541 1103 638 EpzkcopiLz'ncolne'enszs.
1426 565 1488 636 151

235 775 452 858 inquisitione
468 798 526 860 per
550 779 598 854 R,
620 779 905 844 Archidiaconum
929 781 1206 864 Norhamptonie‚
1222 801 1406 864 perquam,
1423 789 1496 854 etc,

234 877 277 940 ad
308 879 452 944 eandem
482 881 648 945 admissus
675 893 734 959 est,
758 892 819 946 etc.
866 883 912 947 Et
943 883 1139 948 mandatum
1163 893 1214 947 est
1238 883 1347 947 eidem
1376 883 1493 947 Archi-

234 982 379 1048 diacono
394 996 440 1060 ut,
455 995 516 1048 etc.

231 1319 398 1388 [Walterde
413 1321 605 1384 Wern'nt'ntone,
617 1322 725 1385 demon,
732 1323 922 1392 presentedby
932 1324 1057 1387 Get-uase,
1071 1339 1121 1376 son
1132 1324 1302 1390 othctrard,
1315 1327 1341 1378 is
1351 1325 1497 1377 instituted

300 1407 327 1454 to
337 1402 383 1455 the
393 1404 495 1456 churclr
504 1405 539 1472 of
545 1404 636 1473 [εἰκῇ]

324 1558 678 1622 ISLEPE.—Walterus
697 1559 740 1624 de
759 1559 1000 1635 Werinintone,
1015 1559 1185 1636 diaconus,
1200 1571 1409 1643 presentatus
1433 1582 1491 1644 per

230 1659 429 1725 Gervasium
447 1661 550 1726 filium
568 1661 703 1726 Ricardi
719 1663 761 1726 ad
777 1663 952 1727 ecclesiam
972 1663 1014 1726 de
1034 1662 1200 1746 ltheslepe
1220 1662 1289 1746 [tlte
1307 1664 1417 1727 letters
1435 1665 1492 1729 the

227 1765 343 1827 scored
367 1764 531 1848 through],
557 1766 646 1829 sacta
676 1768 766 1850 prius
797 1768 1011 1850 inquisitione
1042 1788 1100 1850 per
1131 1768 1180 1843 R.,
1205 1767 1489 1831 Archidiaconum

231 1867 510 1950 Norhamptonie‚
534 1879 592 1950 per
613 1890 724 1951 quam,
739 1880 810 1946 etc,
833 1869 875 1932 ad
898 1869 1041 1934 eandem
1064 1869 1230 1933 admissus
1253 1881 1313 1946 est,
1336 1881 1396 1934 etc.
1445 1871 1489 1934 Et

230 1970 430 2035 mandatum
453 1981 504 2034 est
526 1971 617 2035 dicto
641 1973 888 2036 Archidiacono
910 1983 971 2049 est,
995 1983 1056 2036 etc.
1111 1973 1167 2055 [In
1194 1974 1247 2036 the
1272 1974 1402 2056 margin
1416 1975 1486 2058 .·—-]

231 2075 365 2138 Desunt
382 2075 490 2138 littere
507 2078 770 2159 presentationis.

1285 2331 1363 2408 eut
1379 2333 1501 2405 tritt
1513 2331 1581 2404 XX

227 2449 341 2517 [Hemy
350 2451 385 2503 de
400 2451 490 2512 Rand,
502 2451 668 2514 subdentem
684 2451 833 2519 presented
846 2450 879 2519 by
891 2451 1017 2504 Richard
1030 2450 1065 2504 de
1076 2452 1242 2520 Deseburge,
1253 2469 1287 2505 as
1299 2453 1444 2521 guardien
1461 2458 1492 2522 os

92 2567 258 2592 Λ,
296 2533 341 2584 the
352 2532 415 2586 heir
423 2533 458 2600 os
465 2533 509 2585 lu's
520 2533 593 2601 wt‘s‘.
606 2534 719 2586 Anu'cin
729 2534 763 2587 de
776 2534 927 2596 Costnntin,
940 2535 1017 2602 aster
1025 2549 1044 2584 a
1056 2533 1165 2600 &mute
1175 2535 1259 2587 about
1269 2535 1315 2586 tlte
1326 2537 1492 2603 patronngc.

296 2615 321 2666 is
339 2615 485 2668 imtineted
504 2621 531 2668 to
552 2616 597 2669 ttae
618 2616 719 2670 churclt
740 2621 771 2684 os
794 2616 970 2684 Hargrave]

321 2757 780 2824 HAREGRAVE.—Henricus
813 2761 855 2824 de
885 2759 993 2851 Rand,
1017 2759 1251 2837 subdiaconus,
1276 2771 1491 2843 presentatus

227 2883 289 2944 per
306 2863 487 2926 Ricardum
503 2863 546 2928 de
564 2864 757 2944 Deseburge
772 2864 813 2927 ad
826 2864 1000 2928 ecclesiam
1014 2863 1056 2927 de
1072 2864 1275 2946 Haregrava‚
1292 2864 1379 2928 facta
1396 2867 1486 2948 prius

229 2965 445 3046 inquisitione
476 2987 534 3049 per
570 2967 618 3044 R,
649 2966 933 3030 Archidiaconum
970 2967 1248 3050 Norhamptonie‚
1278 2978 1312 3030 et
1347 2970 1486 3051 receptis

228 3069 347 3132 litteris
370 3069 498 3133 domini
523 3070 625 3152 Regis
648 3061 897 3134 continentibus
920 3070 1011 3152 quod
1039 3069 1202 3133 Ricardus
1225 3071 1268 3134 de
1292 3070 1487 3154 Deseburge

229 3175 263 3236 in
295 3175 386 3237 curia
423 3175 526 3257 ipsius
556 3195 668 3237 coram
698 3175 888 3256 justiciariis
925 3175 994 3237 suis
1023 3175 1112 3257 apud
1151 3175 1485 3240 Westmonasterium

227 3280 435 3361 recuperavit
458 3280 614 3341 seisinam
638 3299 742 3354 suam,
759 3281 886 3341 ratione
910 3277 967 3340 filii
986 3287 1020 3340 et
1043 3277 1174 3341 heredis
1195 3278 1325 3342 Amicie
1345 3279 1387 3343 de
1408 3280 1489 3344 Cos·

227 3385 348 3458 tantin,
367 3382 538 3464 quondam
562 3383 677 3445 uxoris
701 3383 803 3466 ipsius
827 3382 974 3458 Ricardi,
999 3382 1055 3463 qui
1079 3391 1131 3444 est
1154 3382 1187 3445 in
1211 3383 1364 3446 custodia
1385 3384 1487 3466 ipsius

228 3484 375 3561 Ricardi,
405 3485 448 3549 de
478 3485 697 3549 advocatione
727 3484 864 3549 ecclesie
891 3484 934 3548 de
964 3484 1167 3567 Haregrava,
1197 3506 1309 3548 versus
1341 3487 1487 3550 Priorem

229 3589 420 3672 Hospitalis
443 3589 702 3671 jerosolimitani
727 3590 760 3652 in
784 3588 920 3670 Anglia‚
943 3608 1001 3670 per
1024 3590 1162 3652 assisam
1186 3590 1302 3653 ultime
1319 3601 1487 3672 presenta-

226 3694 329 3756 tionis
346 3692 424 3757 inde
441 3695 598 3756 intereos
614 3693 659 3756 ibi
676 3703 819 3776 captam,
836 3713 894 3774 per
913 3712 987 3773 que,
1003 3702 1073 3768 etc,
1089 3692 1131 3756 ad
1155 3694 1296 3756 eandem
1320 3695 1487 3757 admissus

225 3807 289 3872 est,
319 3807 381 3860 etc.
437 3797 482 3860 Et
521 3797 718 3886 mandatum
752 3807 802 3859 est
837 3797 928 3860 dicto
961 3795 1208 3859 Archidiacono
1245 3807 1290 3873 nt,
1321 3807 1381 3860 etc.
1443 3797 1488 3862 Et

225 3901 415 3982 injunctum
432 3911 483 3965 est
498 3902 645 3965 admisso
661 3901 750 3984 quod
768 3902 875 3963 scolas
899 3899 1088 3982 frequentet
1107 3911 1141 3964 et
1164 3899 1324 3977 addiscat,
1339 3903 1488 3965 maxime

225 4016 371 4068 cantare.

223 4347 338 4411 [Roten
346 4346 381 4399 de
391 4346 577 4417 Haverberge,
590 4346 759 4404 subdeacon.
766 4346 917 4414 presented
925 4345 958 4414 by
970 4345 1072 4398 Robert
1079 4361 1130 4398 sen
1141 4347 1177 4414 of
1183 4345 1278 4398 Adam
1289 4345 1323 4398 en
1338 4346 1485 4413 Cltpstone,

291 4428 317 4480 is
327 4427 474 4481 instituted
482 4433 509 4482 to
519 4445 537 4480 a
548 4428 628 4482 third
631 4433 702 4496 part
711 4429 741 4480 e'n
754 4428 800 4481 the
811 4427 912 4481 churelt
925 4428 960 4495 of
969 4427 1128 4495 Cltpstone]

313 4573 527 4639 Cmpsnoun
560 4588 700 4638 runnu
736 4573 1049 4638 snus-Robertus
1079 4571 1121 4635 de
1155 4572 1378 4655 Haverberge,
1408 4574 1485 4637 sub-

225 4679 395 4754 diaconus,
419 4687 629 4762 presentatus
653 4699 711 4760 per
734 4677 930 4752 Robertum,
947 4676 1051 4739 filium
1075 4676 1152 4740 Ade
1176 4676 1219 4740 de
1241 4677 1423 4758 Clipstone,
1441 4677 1483 4740 ad

224 4785 358 4848 tertiam
383 4791 513 4865 partam
536 4781 675 4845 ecclesie
697 4781 740 4844 de
763 4781 945 4863 Clipstone,
966 4780 1055 4843 facta
1078 4781 1168 4863 prius
1190 4780 1404 4862 inquisitione
1426 4800 1486 4862 per

223 4889 275 4963 R,
291 4886 577 4951 Archidiaconum
600 4885 878 4968 Norhamptonie‚
897 4905 957 4966 per
976 4904 1088 4967 quam,
1109 4893 1181 4960 etc,
1199 4884 1241 4947 ad
1262 4884 1404 4948 eandem
1425 4885 1485 4948 ad-

222 4992 345 5054 missus
361 4999 422 5066 est,
437 5002 498 5054 etc.
546 4990 591 5053 Et
607 4988 803 5053 mandatum
820 4999 871 5052 est
887 4989 979 5052 dicto
996 4987 1244 5052 Archidiacono
1260 4997 1306 5064 ut,
1320 4997 1382 5052 etc.
