3609 5642
588 559 765 656 Episcopi
790 559 1074 632 Lz'ncolnz'ensa‘s.
1393 584 1461 650 109

192 709 357 716 ——-——
777 713 1056 720 ——..—..-—-
1083 714 1137 719 ...-.
1168 713 1264 718 ---.-—
1332 713 1371 718 -

193 795 303 863 [Ralplt
323 794 358 846 de
377 795 524 863 Tynemuo,
541 795 621 858 clerte,
640 797 665 848 is
683 795 829 848 instituted
846 801 872 848 to
893 796 938 848 the
956 795 1058 848 churclr
1075 795 1110 862 of
1124 795 1338 848 Earts-Bmon
1358 811 1394 848 on
1417 795 1462 848 tlte

255 879 447 944 presentation
458 877 493 944 of
506 877 551 930 the
561 877 664 930 Abbess
674 877 735 930 and
745 878 872 931 convent
880 878 914 946 os
927 878 961 931 de
972 879 1000 931 ta
1012 878 1090 943 Prc'.]

284 1013 670 1078 BARTON’.—Radulfus
700 1013 743 1077 de
774 1013 961 1096 Tynemua,
987 1013 1134 1087 clericus,
1161 1022 1371 1096 presentatus
1402 1034 1461 1097 per

196 1117 416 1182 Abbatissam
438 1126 474 1181 et
494 1126 695 1182 conventum
721 1117 845 1182 Sancte
867 1117 974 1181 Marie
993 1117 1036 1180 de
1063 1115 1167 1199 pratis
1193 1116 1462 1199 Norbamptonie

195 1221 239 1286 ad
264 1222 438 1286 ecclesiam
461 1221 503 1285 de
528 1222 662 1298 Barton,
685 1222 823 1285 domino
847 1221 942 1304 Rege
964 1221 1055 1303 prius
1079 1220 1261 1284 mandante
1276 1221 1367 1302 quod
1383 1223 1462 1302 quia

196 1324 314 1390 eedem
333 1325 495 1389 moniales
518 1335 635 1389 contra
658 1325 825 1390 Comitem
851 1325 987 1402 Cestrie,
1002 1334 1073 1401 etc,
1089 1324 1246 1388 dominus
1270 1323 1462 1407 Episcopus

196 1429 354 1494 idoneam
371 1450 557 1513 personam,
572 1440 643 1506 etc,
659 1430 702 1493 ad
718 1430 826 1512 ipsam
842 1429 1017 1493 ecclesiam
1035 1429 1201 1492 admissus
1217 1438 1268 1491 est
1295 1428 1358 1490 sub
1374 1448 1462 1510 pena

197 1533 347 1609 Concilii,
363 1542 398 1596 et
413 1534 447 1595 in
462 1534 581 1597 eadem
599 1553 740 1616 persona
756 1533 928 1595 institutus
944 1554 950 1610 ;
974 1530 1066 1594 salva
1082 1531 1179 1594 dictis
1202 1531 1403 1594 monialibus
1419 1531 1462 1596 de

196 1637 270 1719 ipsa
298 1635 439 1701 ecclesia
469 1636 582 1700 debita
611 1645 646 1700 et
675 1637 813 1717 antiqua
844 1637 1025 1717 pensione;
1048 1645 1083 1698 et
1115 1635 1302 1717 injunctum
1338 1645 1390 1700 est
1411 1635 1462 1714 A,

195 1739 317 1804 clerico
333 1739 570 1802 Archidiaconi
588 1739 855 1822 Norbamptonie
871 1748 917 1816 ut,
933 1748 994 1803 etc

195 2118 326 2187 [Mania.
347 2119 486 2186 ckaplain,
510 2119 536 2170 is
557 2118 702 2171 instituted
716 2121 823 2186 parson
846 2118 881 2186 of
893 2118 939 2171 the
955 2117 1107 2185 perpetual
1125 2119 1258 2186 vicarage
1280 2118 1316 2186 of
1332 2118 1461 2176 Stratton,

263 2199 396 2258 Rutland.
407 2215 443 2252 on
454 2200 500 2252 the
506 2201 696 2268 presentatibn
708 2201 744 2268 of
756 2200 802 2252 tlte
814 2200 926 2253 Master
935 2199 970 2267 of
981 2199 1028 2252 tlte
1043 2200 1208 2267 Templars]

285 2335 730 2412 STRATTON'.—Martinus,
754 2336 979 2418 cappellanus,
1011 2345 1220 2418 presentatus
1248 2356 1306 2419 per
1337 2336 1462 2418 Magis-

196 2451 286 2504 trum
305 2439 430 2503 Milicie
446 2440 579 2522 Templi
597 2440 630 2502 in
649 2439 776 2522 Anglia
791 2441 833 2504 ad
850 2450 1048 2522 perpetuam
1064 2441 1220 2503 vicariam
1238 2440 1280 2504 de
1300 2439 1462 2515 Stratton,

196 2543 286 2607 lacta
299 2543 389 2625 prius
405 2543 621 2624 inquisitione
643 2562 702 2625 per
724 2543 772 2619 R,
789 2542 1074 2607 Archidiaconum
1097 2543 1374 2625 Norhamptonie,
1389 2553 1461 2619 etc,

195 2646 363 2710 admissus
378 2656 429 2710 est
444 2657 478 2711 et
494 2647 527 2710 in
544 2667 584 2710 ea
600 2647 760 2710 canonice
776 2667 919 2730 persona
938 2648 1118 2710 institutus.
1165 2646 1328 2711 Consistit
1349 2656 1461 2710 autem

195 2750 253 2813 illa
269 2751 390 2814 vicaria
411 2751 444 2813 in
466 2760 539 2814 toto
561 2751 724 2832 altaragio
745 2749 832 2813 illius
848 2751 987 2814 ecclesie
1006 2759 1040 2813 et
1056 2751 1301 2833 quinquaginta
1316 2751 1463 2832 quinque

195 2855 281 2918 acris
312 2864 397 2919 terre
429 2855 473 2918 de
503 2875 591 2917 novo
622 2854 770 2936 adjectis.
818 2854 863 2917 Et
895 2853 1081 2936 injunctum
1112 2863 1164 2917 est
1193 2854 1313 2918 clerico
1344 2853 1463 2916 Archi-

197 2956 341 3034 diaconi,
356 2967 417 3021 etc.

192 3247 204 3316 l
201 3247 283 3315 John
294 3247 329 3300 de
339 3247 470 3312 Stanton',
483 3247 620 3315 chaplain,
634 3248 814 3301 isinstituted
820 3253 847 3301 to
855 3248 1188 3317 thepapetualvicarage
1198 3247 1383 3317 oan'gstock
1395 3248 1464 3301 with

262 3329 380 3382 Stanion
399 3345 435 3382 on
455 3329 698 3397 thepresentattbn
718 3330 754 3398 of
765 3329 810 3382 the
828 3329 917 3383 Abbot
930 3330 991 3382 and
1008 3331 1134 3383 Conveni
1148 3332 1184 3398 of
1198 3331 1369 3384 Cirenrester.
1409 3331 1466 3384 The

261 3410 596 3478 vr'carageisdcsm'bed]

283 3545 448 3610 VICARIA
465 3559 514 3608 DE
532 3545 984 3627 BRIGESTOK'.—-Johannes
996 3547 1040 3609 de
1056 3546 1220 3623 Stanton’,
1236 3547 1465 3630 cappellanus,

196 3660 409 3735 presentatus
430 3670 489 3733 per
508 3649 680 3712 Abbatem
706 3659 740 3712 et
767 3658 971 3713 conventum
996 3651 1040 3714 de
1064 3649 1296 3732 Cyrencestria
1320 3651 1362 3715 ad
1392 3673 1464 3734 per-

197 3765 335 3839 petuam
352 3753 508 3816 vicariam
531 3753 669 3816 ecclesie
690 3753 733 3817 de
755 3753 982 3831 Brickestock,
1002 3754 1191 3818 ordinatam
1210 3775 1270 3838 per
1289 3754 1464 3818 dominum

198 3859 405 3942 Episcopum
432 3857 632 3921 auctoritate
656 3856 805 3935 Concilii,
827 3857 869 3920 ad
890 3857 1033 3922 eandem
1053 3857 1220 3921 admissus
1240 3868 1293 3923 est
1311 3868 1345 3922 et
1366 3859 1400 3922 in
1424 3880 1465 3922 ea

197 3983 273 4027 cum
290 3983 392 4032 onere
411 3971 445 4026 et
471 3982 558 4044 pena
585 3962 782 4024 vicariorum
811 3963 972 4026 canonice
998 3962 1140 4026 vicarius
1168 3972 1348 4046 perpetuus
1373 3964 1465 4027 insti-

199 4076 300 4131 tutus.
349 4065 500 4129 Habebit
524 4075 637 4129 autem
661 4066 802 4129 vicarius
833 4067 970 4130 nomine
992 4067 1114 4131 vicarie
1143 4088 1202 4131 sue
1232 4076 1341 4130 totum
1367 4068 1465 4133 altar-

198 4171 312 4255 agium
339 4171 479 4235 ecclesie
510 4171 553 4234 de
584 4169 782 4235 Brikestoke
816 4180 850 4234 et
875 4179 984 4234 totum
1017 4171 1216 4254 altaragium
1247 4172 1399 4255 cappelle
1423 4173 1465 4237 de

201 4275 390 4342 Stanherne
406 4296 482 4338 cum
504 4275 628 4338 mansis
650 4273 920 4358 competentibus
945 4284 978 4338 et
997 4284 1103 4338 totam
1124 4285 1244 4338 terram
1261 4275 1465 4339 dominicam

201 4380 305 4462 ipsius
325 4378 465 4442 ecclesie
483 4387 517 4441 et
543 4388 694 4461 preterea
716 4378 883 4442 redditum
909 4377 1051 4441 assisum
1073 4379 1192 4461 viginti
1217 4379 1359 4442 duorum
1387 4379 1464 4442 soli-

199 4483 317 4547 dorum
356 4481 580 4565 pertinentem
618 4481 661 4544 ad
705 4483 880 4547 ecclesiam
922 4483 965 4545 de
1009 4481 1245 4558 Brickestock’,
1283 4491 1317 4546 et
1359 4482 1466 4547 solvet

199 4586 372 4651 sinodalia.
420 4585 581 4650 Canonici
616 4605 695 4649 vero
733 4586 920 4669 hospicium
960 4585 1200 4648 Archidiaconi
1231 4585 1465 4668 procurabunt.

201 4689 245 4755 Et
261 4688 461 4754 mandatum
479 4697 530 4752 est
546 4688 794 4752 Archidiacono
811 4688 962 4772 predicto
977 4698 1023 4766 ut,
1038 4698 1099 4754 etc.
