3609 5642
346 566 416 639 218
698 564 834 641 Rutuli
848 562 1025 663 Hugonz's
1051 564 1096 641 de
1122 562 1254 641 Wellrs

344 808 549 873 meritorium
583 818 756 891 reputatur
787 808 878 892 quod
910 808 953 872 ad
985 808 1179 893 pupplicam
1211 808 1391 872 utilitatem
1427 808 1605 885 confertur,

343 913 594 977 universitatem
615 921 760 975 vestram
784 933 960 976 monemus
976 922 1011 975 et
1030 911 1251 975 exhortamur
1271 910 1304 974 in
1323 912 1482 989 Domine,
1498 912 1605 994 quati-

343 1037 405 1080 nus
428 1016 470 1080 ad
495 1017 780 1081 constructionem
804 1026 839 1080 et
861 1018 1152 1081 conservationem
1181 1017 1292 1100 pontis
1320 1016 1363 1080 de
1388 1016 1605 1100 Rokingham

342 1131 413 1196 etc,
428 1119 480 1202 (ut
497 1121 530 1182 in
547 1121 657 1185 rotulo
673 1130 841 1184 cartarum
863 1121 942 1184 anni
960 1122 1039 1184 noni
1061 1141 1080 1183 a
1096 1130 1192 1202 tergo
1213 1141 1317 1202 usque
1341 1119 1566 1185 “duraturam
1577 1121 1606 1203 ”l

343 1224 560 1308 prohibentes
576 1246 618 1289 ne
637 1246 713 1288 curn
735 1225 799 1287 hiis
820 1226 939 1290 litteris
961 1226 1082 1289 nostris
1103 1226 1241 1288 nuntius
1260 1234 1315 1288 eat
1335 1224 1388 1288 vel
1411 1236 1608 1307 procurator

343 1329 386 1392 ad
403 1328 510 1392 dictas
526 1329 726 1393 elemosinas
741 1329 820 1392 alibi
837 1350 940 1412 quam
958 1329 999 1393 ad
1018 1328 1204 1413 predictum
1230 1339 1367 1411 pontem
1390 1329 1605 1412 colligendas.

344 1434 434 1497 Date
464 1454 523 1516 per
554 1454 691 1497 manum
721 1433 855 1498 Radulfi
887 1434 930 1497 de
957 1433 1146 1509 Wareville,
1171 1434 1322 1497 canonici
1351 1434 1606 1511 Lincolniensis,

342 1536 431 1619 apud
465 1537 647 1601 Lidintone
683 1538 739 1600 viii
771 1537 933 1601 kalendas
966 1538 1094 1615 Marcii,
1124 1537 1340 1620 pontificatus
1376 1539 1481 1627 nostri
1517 1559 1607 1603 anno

343 1641 631 1725 septimodecimo

914 1764 1043 1777 -n

342 1899 528 1966 [Pemrrssion
539 1900 573 1967 by
583 1900 629 1953 the
639 1900 748 1967 Bttkop
758 1901 821 1953 that
829 1900 874 1953 the
883 1900 986 1968 Pn'oty
996 1900 1033 1967 os
1038 1900 1135 1967 Ashby
1145 1917 1210 1968 may
1220 1900 1291 1953 hold
1296 1900 1341 1953 the
1352 1906 1456 1969 rectory
1467 1902 1504 1967 os
1512 1902 1605 1956 More-

405 1987 454 2034 ton
465 1981 593 2051 Pinlmey
596 1984 678 2051 from
693 1983 756 2051 Guy
766 1982 800 2034 de
809 1982 908 2036 Aricia
918 1987 950 2034 at
959 1998 977 2035 a
988 1988 1052 2035 rent
1061 1982 1096 2051 os
1102 2000 1136 2048 24
1147 1982 1243 2035 marks
1252 1999 1270 2035 a
1276 1982 1365 2050 year]

431 2110 599 2175 Omnibus
619 2121 681 2174 etc.
728 2110 868 2175 Noverit
888 2112 1087 2175 universitas
1107 2121 1217 2174 vestra
1237 2110 1328 2193 quod
1349 2132 1426 2174 cum
1448 2112 1491 2175 de
1513 2133 1605 2176 man·

342 2215 424 2279 dato
447 2214 618 2278 reverendi
642 2215 746 2297 patris
769 2214 896 2277 domini
922 2216 1014 2298 Pape
1035 2215 1177 2278 Honorii
1202 2215 1292 2279 tertii
1316 2225 1508 2279 teneremur
1531 2238 1604 2299 pro-

343 2319 455 2383 videre
472 2318 637 2402 Magistro
653 2317 800 2382 Guidoni
817 2319 860 2383 de
878 2318 993 2382 Aricio
1010 2320 1043 2381 in
1060 2317 1222 2383 beneficio
1238 2318 1473 2397 ecclesiastico,
1488 2331 1524 2384 et
1544 2341 1604 2383 nos

343 2426 372 2489 ei
389 2422 432 2487 ad
449 2424 732 2507 presentationem
750 2422 947 2486 dilectorum
966 2424 997 2485 in
1016 2422 1150 2487 Christo
1166 2421 1319 2499 filiorum,
1337 2423 1459 2486 Prioris
1475 2434 1509 2488 et
1527 2446 1604 2489 con-

342 2536 463 2590 ventus
500 2527 544 2589 de
579 2525 721 2608 Esseby,
754 2535 971 2608 patronorum
1009 2526 1148 2589 ecclesie
1185 2526 1228 2588 de
1264 2526 1406 2590 Gildene
1439 2528 1606 2605 Mortone,

342 2630 485 2695 eandem
502 2629 677 2693 ecclesiam
695 2629 944 2707 contulerimus,
960 2631 1134 2712 cupientes
1155 2628 1290 2692 utilitati
1312 2630 1484 2714 utriusque
1501 2636 1604 2715 partis

344 2732 519 2817 providere
540 2733 767 2796 concessimus
791 2733 919 2796 eisdem
940 2732 1030 2815 quod
1054 2734 1182 2816 possint
1205 2734 1350 2817 recipere
1373 2745 1407 2798 et
1426 2746 1541 2800 tenere
1561 2739 1603 2801 ad

344 2837 474 2901 firmam
503 2836 667 2919 prefatam
698 2836 873 2900 ecclesiam
905 2836 948 2900 de
978 2837 1070 2899 dicto
1098 2837 1261 2919 Magistro
1293 2836 1460 2921 Guydone
1491 2843 1604 2923 quoad

343 2944 487 3020 vixerit3
510 2943 556 3006 ita
573 2953 686 3008 tamen
703 2942 795 3025 quod
812 2952 888 3025 post
901 2942 1075 3006 decessum
1093 2943 1145 3006 vel
1158 2944 1343 3007 cessionem
1354 2943 1437 3008 dicti
1449 2946 1602 3029 Magistri

343 3047 443 3110 nichil
458 3046 540 3128 juris
557 3047 608 3111 vel
626 3048 846 3130 possessionis
870 3048 903 3110 in
928 3048 1120 3130 supradicta
1143 3047 1283 3111 ecclesia
1306 3050 1481 3112 occasione
1505 3051 1604 3132 hujus

342 3150 436 3213 firme
452 3149 514 3212 sibi
537 3150 589 3213 vel
614 3151 817 3214 monasterio
837 3171 898 3213 suo
922 3150 1098 3214 vendicare
1118 3160 1284 3233 poterunt,
1301 3162 1351 3213 set
1373 3152 1549 3217 ecclesiam
1570 3166 1604 3220 et

342 3253 470 3317 clavem
497 3254 635 3317 ecclesie
663 3253 898 3318 archidiacono
926 3254 988 3318 loci
1014 3256 1064 3317 vel
1091 3254 1229 3331 decan0‚
1254 3256 1339 3317 sicut
1365 3255 1408 3319 de
1433 3256 1604 3321 beneficiis

341 3358 574 3421 ecclesiasticis
597 3358 795 3422 vacantibus
819 3358 888 3422 lieri
912 3360 1094 3435 consuevit,
1115 3360 1187 3422 sine
1207 3358 1473 3423 contradictione
1496 3362 1603 3443 quali-

342 3463 399 3527 bet
415 3471 448 3525 et
464 3462 661 3526 difficultate
678 3464 863 3540 restituent,
877 3464 979 3527 salvis
999 3474 1114 3527 tamen
1129 3464 1177 3526 eis
1194 3462 1283 3527 dicte
1299 3464 1438 3528 ecclesie
1459 3464 1602 3529 advoca-

341 3568 432 3630 tione
461 3576 496 3629 et
520 3587 633 3629 annuo
659 3567 790 3630 redditu
818 3566 1042 3651 quadraginta
1067 3567 1249 3630 solidorum
1278 3587 1378 3649 quem
1409 3566 1452 3630 de
1481 3568 1602 3633 eadem

341 3670 481 3734 ecclesia
498 3670 686 3752 percipiunt
707 3681 740 3734 et
758 3672 927 3754 percipere
949 3681 1200 3735 consueverunt.
1248 3671 1339 3733 Dicti
1361 3691 1440 3734 vero
1456 3672 1551 3735 Prior
1569 3683 1603 3737 et

342 3783 526 3838 conventus
556 3774 681 3836 curiam
713 3794 855 3855 persone
884 3796 961 3837 cum
993 3774 1149 3838 domibus
1188 3776 1220 3837 in
1251 3774 1370 3838 eadem
1410 3776 1603 3857 integritate

341 3878 579 3941 sustentabunt
594 3887 628 3941 et
644 3874 821 3942 restituent
837 3880 870 3941 in
887 3899 954 3962 qua
969 3900 1026 3942 eas
1043 3889 1253 3961 receperunt;
1277 3890 1398 3943 terram
1415 3879 1519 3942 etiam
1537 3901 1603 3963 que

342 3991 393 4045 est
424 3981 467 4045 de
491 3980 662 4044 dominico
688 3981 840 4064 ejusdem
864 3983 1004 4045 ecclesie
1027 4003 1088 4045 nec
1111 3982 1306 4045 alienabunt
1329 4002 1390 4045 nec
1412 3994 1604 4064 pervertent

343 4106 403 4148 nec
419 4084 615 4148 diminuent.
663 4087 836 4149 Provisum
852 4096 904 4150 est
925 4086 1061 4167 insuper
1075 4085 1120 4148 ob
1139 4085 1282 4149 salutem
1303 4086 1490 4148 animarum
1511 4087 1602 4168 quod

342 4188 567 4272 cappellanus,
590 4190 647 4270 qui
671 4190 714 4254 ad
739 4190 964 4273 provisionem
986 4190 1133 4270 ipsorum
1155 4186 1301 4251 indicta
1324 4188 1464 4251 ecclesia
1488 4190 1603 4253 minis-

342 4293 452 4370 trabit,
475 4293 636 4375 quamdiu
661 4292 791 4357 firmam
815 4294 993 4369 tenuerint,
1014 4292 1111 4355 nobis
1142 4303 1176 4356 et
1203 4291 1449 4356 successoribus
1481 4294 1603 4356 nostris

341 4408 420 4461 ante
436 4395 622 4479 ingressum
639 4418 736 4461 suum
758 4397 1005 4480 presentabitur
1023 4397 1272 4460 examinandus
1288 4406 1322 4459 et
1342 4396 1369 4457 si
1394 4394 1534 4458 idoneus
1554 4396 1602 4459 in-

341 4510 461 4565 ventus
479 4499 575 4564 luerit
589 4501 634 4564 de
650 4502 811 4567 mandato
827 4511 943 4566 nostro
959 4521 1018 4583 per
1035 4499 1319 4563 Archidiaconum
1341 4500 1404 4563 loci
1420 4498 1602 4565 admitten-

341 4604 427 4681 dus3
457 4604 595 4668 habebit
622 4614 730 4669 totum
755 4605 955 4687 altaragium
987 4624 1063 4668 cum
1095 4604 1242 4686 hospitio
1273 4604 1416 4667 honesto
1447 4603 1538 4685 quod
1570 4604 1601 4667 ei

341 4705 565 4790 providebunt
581 4709 727 4772 vicinum
750 4709 889 4773 ecclesie
912 4718 947 4771 et
971 4706 1186 4791 respondebit
1201 4707 1244 4770 de
1260 4708 1407 4790 hospitio
1425 4705 1602 4771 Archidia-

340 4811 416 4875 coni
431 4820 465 4874 et
481 4809 588 4875 solvet
603 4813 775 4879 sinodalia
826 4813 900 4876 Hec
917 4822 1029 4875 autem
1046 4813 1160 4875 omnia
1179 4810 1340 4893 sepedicti
1361 4811 1452 4873 Prior
1467 4819 1503 4874 et
1523 4832 1603 4875 con-

340 4926 460 4979 ventus
475 4936 511 4977 se
528 4914 670 4981 fideliter
685 4916 921 4981 observaturos
944 4916 978 4977 in
1002 4916 1104 4978 verbo
1126 4914 1255 4977 domini
1280 4914 1513 4997 promiserunt.
1563 4916 1602 4979 ln

340 5018 440 5100 hujus
454 5029 516 5081 etc.
