<?xml version="1.0" encoding="UTF-8"?>
<!DOCTYPE html PUBLIC "-//W3C//DTD XHTML 1.0 Transitional//EN"
    "http://www.w3.org/TR/xhtml1/DTD/xhtml1-transitional.dtd">
<html xmlns="http://www.w3.org/1999/xhtml" xml:lang="en" lang="en">
 <head>
  <title>
</title>
<meta http-equiv="Content-Type" content="text/html;charset=utf-8" />
  <meta name='ocr-system' content='tesseract 3.04.00' />
  <meta name='ocr-capabilities' content='ocr_page ocr_carea ocr_par ocr_line ocrx_word'/>
</head>
<body>
  <div class='ocr_page' id='page_1' title='image "./rotulihugonisde00davigoog_0057.png"; bbox 0 0 3609 5642; ppageno 0'>
   <div class='ocr_carea' id='block_1_1' title="bbox 321 579 1221 676">
    <p class='ocr_par' dir='ltr' id='par_1_1' title="bbox 321 579 1221 676">
     <span class='ocr_line' id='line_1_1' title="bbox 321 579 1221 676; baseline 0.006 -28"><span class='ocrx_word' id='word_1_1' title='bbox 321 581 369 667; x_wconf 81' lang='lat'>46</span> <span class='ocrx_word' id='word_1_2' title='bbox 675 579 809 651; x_wconf 84' lang='lat' dir='ltr'><em>Rotulz&#39;</em></span> <span class='ocrx_word' id='word_1_3' title='bbox 824 579 1001 676; x_wconf 80' lang='lat' dir='ltr'>Hugonis</span> <span class='ocrx_word' id='word_1_4' title='bbox 1018 580 1063 652; x_wconf 81' lang='lat' dir='ltr'>de</span> <span class='ocrx_word' id='word_1_5' title='bbox 1089 580 1221 653; x_wconf 88' lang='lat' dir='ltr'>Welles</span> 
     </span>
    </p>
   </div>
   <div class='ocr_carea' id='block_1_2' title="bbox 321 803 1578 1038">
    <p class='ocr_par' dir='ltr' id='par_1_2' title="bbox 321 803 1578 1038">
     <span class='ocr_line' id='line_1_2' title="bbox 321 803 1578 876; baseline 0.004 -19"><span class='ocrx_word' id='word_1_6' title='bbox 321 803 426 873; x_wconf 74' lang='lat' dir='ltr'>[Ralph</span> <span class='ocrx_word' id='word_1_7' title='bbox 444 804 630 873; x_wconf 69' lang='lat' dir='ltr'>Detpenretor,</span> <span class='ocrx_word' id='word_1_8' title='bbox 643 805 811 871; x_wconf 63' lang='lat' dir='ltr'>sub-deatum</span> <span class='ocrx_word' id='word_1_9' title='bbox 822 806 971 874; x_wconf 76' lang='lat' dir='ltr'><em>presented</em></span> <span class='ocrx_word' id='word_1_10' title='bbox 983 808 1017 876; x_wconf 85' lang='lat' dir='ltr'>by</span> <span class='ocrx_word' id='word_1_11' title='bbox 1031 808 1172 861; x_wconf 76' lang='lat' dir='ltr'>Thurstan</span> <span class='ocrx_word' id='word_1_12' title='bbox 1189 807 1376 874; x_wconf 68' lang='lat' dir='ltr'>Dupematon</span> <span class='ocrx_word' id='word_1_13' title='bbox 1389 810 1414 861; x_wconf 81' lang='lat' dir='ltr'>is</span> <span class='ocrx_word' id='word_1_14' title='bbox 1432 809 1578 862; x_wconf 75' lang='lat' dir='ltr'><em>instituted</em></span> 
     </span>
     <span class='ocr_line' id='line_1_3' title="bbox 380 887 1575 959; baseline 0.003 -19"><span class='ocrx_word' id='word_1_15' title='bbox 380 890 486 954; x_wconf 83' lang='lat' dir='ltr'>parson</span> <span class='ocrx_word' id='word_1_16' title='bbox 507 888 543 956; x_wconf 83' lang='lat' dir='ltr'>of</span> <span class='ocrx_word' id='word_1_17' title='bbox 556 887 641 941; x_wconf 84' lang='lat' dir='ltr'>Great</span> <span class='ocrx_word' id='word_1_18' title='bbox 657 888 805 956; x_wconf 79' lang='lat' dir='ltr'>Rolln&#39;ght,</span> <span class='ocrx_word' id='word_1_19' title='bbox 824 889 901 956; x_wconf 78' lang='lat' dir='ltr'>Pope</span> <span class='ocrx_word' id='word_1_20' title='bbox 923 889 1047 958; x_wconf 80' lang='lat' dir='ltr'>Gregory</span> <span class='ocrx_word' id='word_1_21' title='bbox 1062 890 1095 958; x_wconf 86' lang='lat' dir='ltr'>by</span> <span class='ocrx_word' id='word_1_22' title='bbox 1112 889 1299 956; x_wconf 74' lang='lat' dir='ltr'>dispensatim</span> <span class='ocrx_word' id='word_1_23' title='bbox 1315 891 1453 959; x_wconf 78' lang='lat' dir='ltr'>altnwing</span> <span class='ocrx_word' id='word_1_24' title='bbox 1467 891 1527 944; x_wconf 82' lang='lat' dir='ltr'>ltim</span> <span class='ocrx_word' id='word_1_25' title='bbox 1546 896 1575 944; x_wconf 88' lang='lat' dir='ltr'>te</span> 
     </span>
     <span class='ocr_line' id='line_1_4' title="bbox 387 968 797 1038; baseline 0.005 -17"><span class='ocrx_word' id='word_1_26' title='bbox 387 968 456 1022; x_wconf 80' lang='lat' dir='ltr'>hold</span> <span class='ocrx_word' id='word_1_27' title='bbox 464 969 492 1034; x_wconf 84' lang='lat' dir='ltr'>it,</span> <span class='ocrx_word' id='word_1_28' title='bbox 505 985 538 1022; x_wconf 85' lang='lat' dir='ltr'>as</span> <span class='ocrx_word' id='word_1_29' title='bbox 549 970 655 1034; x_wconf 74' lang='lat' dir='ltr'>welles</span> <span class='ocrx_word' id='word_1_30' title='bbox 666 969 797 1038; x_wconf 65' lang='lat' dir='ltr'>Ewelm]</span> 
     </span>
    </p>
   </div>
   <div class='ocr_carea' id='block_1_3' title="bbox 224 1115 1575 1715">
    <p class='ocr_par' dir='ltr' id='par_1_3' title="bbox 224 1115 1575 1715">
     <span class='ocr_line' id='line_1_5' title="bbox 409 1115 1574 1199; baseline 0.005 -22"><span class='ocrx_word' id='word_1_31' title='bbox 409 1115 552 1178; x_wconf 80' lang='lat' dir='ltr'>MAGNA</span> <span class='ocrx_word' id='word_1_32' title='bbox 569 1115 1084 1180; x_wconf 77' lang='lat' dir='ltr'>ROLLINDRIC11T.-Radulsus</span> <span class='ocrx_word' id='word_1_33' title='bbox 1097 1115 1327 1199; x_wconf 91' lang='lat' dir='ltr'>Dispensator,</span> <span class='ocrx_word' id='word_1_34' title='bbox 1339 1116 1574 1196; x_wconf 85' lang='lat' dir='ltr'>subdiaconus,</span> 
     </span>
     <span class='ocr_line' id='line_1_6' title="bbox 224 1218 1574 1302; baseline 0.005 -21"><span class='ocrx_word' id='word_1_35' title='bbox 224 1239 227 1246; x_wconf 88' lang='lat'>·</span> <span class='ocrx_word' id='word_1_36' title='bbox 322 1227 531 1302; x_wconf 85' lang='lat' dir='ltr'>presentatus</span> <span class='ocrx_word' id='word_1_37' title='bbox 569 1239 627 1300; x_wconf 91' lang='lat' dir='ltr'>per</span> <span class='ocrx_word' id='word_1_38' title='bbox 658 1218 885 1282; x_wconf 89' lang='lat' dir='ltr'>Thurstanum</span> <span class='ocrx_word' id='word_1_39' title='bbox 926 1219 1202 1301; x_wconf 87' lang='lat' dir='ltr'>Dispensatorem</span> <span class='ocrx_word' id='word_1_40' title='bbox 1236 1220 1279 1284; x_wconf 90' lang='lat' dir='ltr'>ad</span> <span class='ocrx_word' id='word_1_41' title='bbox 1317 1222 1493 1286; x_wconf 88' lang='lat' dir='ltr'>ecclesiam</span> <span class='ocrx_word' id='word_1_42' title='bbox 1531 1224 1574 1288; x_wconf 90' lang='lat' dir='ltr'>de</span> 
     </span>
     <span class='ocr_line' id='line_1_7' title="bbox 323 1321 1575 1409; baseline 0.002 -23"><span class='ocrx_word' id='word_1_43' title='bbox 323 1322 448 1405; x_wconf 87' lang='lat' dir='ltr'>Magna</span> <span class='ocrx_word' id='word_1_44' title='bbox 472 1321 703 1398; x_wconf 90' lang='lat' dir='ltr'>Rollindricht‚</span> <span class='ocrx_word' id='word_1_45' title='bbox 726 1321 943 1404; x_wconf 86' lang='lat' dir='ltr'>dispensante</span> <span class='ocrx_word' id='word_1_46' title='bbox 966 1343 1042 1386; x_wconf 93' lang='lat' dir='ltr'>cum</span> <span class='ocrx_word' id='word_1_47' title='bbox 1065 1344 1107 1387; x_wconf 91' lang='lat' dir='ltr'>eo</span> <span class='ocrx_word' id='word_1_48' title='bbox 1129 1324 1268 1387; x_wconf 93' lang='lat' dir='ltr'>domino</span> <span class='ocrx_word' id='word_1_49' title='bbox 1290 1345 1380 1407; x_wconf 92' lang='lat' dir='ltr'>papa</span> <span class='ocrx_word' id='word_1_50' title='bbox 1403 1325 1575 1409; x_wconf 85' lang='lat' dir='ltr'>Gregorio,</span> 
     </span>
     <span class='ocr_line' id='line_1_8' title="bbox 322 1424 1573 1512; baseline 0.003 -23"><span class='ocrx_word' id='word_1_51' title='bbox 322 1437 358 1489; x_wconf 92' lang='lat' dir='ltr'>ut</span> <span class='ocrx_word' id='word_1_52' title='bbox 377 1425 510 1488; x_wconf 91' lang='lat' dir='ltr'>unicum</span> <span class='ocrx_word' id='word_1_53' title='bbox 533 1424 730 1488; x_wconf 90' lang='lat' dir='ltr'>beneficium</span> <span class='ocrx_word' id='word_1_54' title='bbox 752 1427 850 1488; x_wconf 91' lang='lat' dir='ltr'>simul</span> <span class='ocrx_word' id='word_1_55' title='bbox 873 1446 949 1489; x_wconf 92' lang='lat' dir='ltr'>cum</span> <span class='ocrx_word' id='word_1_56' title='bbox 971 1427 1037 1503; x_wconf 92' lang='lat' dir='ltr'>illo,</span> <span class='ocrx_word' id='word_1_57' title='bbox 1053 1427 1143 1510; x_wconf 92' lang='lat' dir='ltr'>quod</span> <span class='ocrx_word' id='word_1_58' title='bbox 1166 1447 1255 1490; x_wconf 92' lang='lat' dir='ltr'>nunc</span> <span class='ocrx_word' id='word_1_59' title='bbox 1273 1429 1412 1510; x_wconf 85' lang='lat' dir='ltr'>optinet,</span> <span class='ocrx_word' id='word_1_60' title='bbox 1428 1430 1573 1512; x_wconf 89' lang='lat' dir='ltr'>recipere</span> 
     </span>
     <span class='ocr_line' id='line_1_9' title="bbox 321 1529 1573 1615; baseline 0.004 -24"><span class='ocrx_word' id='word_1_61' title='bbox 321 1529 426 1611; x_wconf 89' lang='lat' dir='ltr'>possit</span> <span class='ocrx_word' id='word_1_62' title='bbox 441 1539 475 1593; x_wconf 92' lang='lat' dir='ltr'>et</span> <span class='ocrx_word' id='word_1_63' title='bbox 491 1529 640 1606; x_wconf 90' lang='lat' dir='ltr'>retinere,</span> <span class='ocrx_word' id='word_1_64' title='bbox 655 1549 722 1591; x_wconf 93' lang='lat' dir='ltr'>non</span> <span class='ocrx_word' id='word_1_65' title='bbox 738 1529 894 1594; x_wconf 91' lang='lat' dir='ltr'>obstante</span> <span class='ocrx_word' id='word_1_66' title='bbox 916 1529 1067 1594; x_wconf 89' lang='lat' dir='ltr'>Concilio</span> <span class='ocrx_word' id='word_1_67' title='bbox 1082 1531 1135 1612; x_wconf 90' lang='lat' dir='ltr'>(ut</span> <span class='ocrx_word' id='word_1_68' title='bbox 1154 1551 1199 1594; x_wconf 91' lang='lat' dir='ltr'>ex</span> <span class='ocrx_word' id='word_1_69' title='bbox 1221 1541 1315 1614; x_wconf 92' lang='lat' dir='ltr'>parte</span> <span class='ocrx_word' id='word_1_70' title='bbox 1336 1532 1514 1615; x_wconf 89' lang='lat' dir='ltr'>opposita),</span> <span class='ocrx_word' id='word_1_71' title='bbox 1530 1533 1573 1596; x_wconf 91' lang='lat' dir='ltr'>ad</span> 
     </span>
     <span class='ocr_line' id='line_1_10' title="bbox 319 1633 1519 1715; baseline 0.003 -18"><span class='ocrx_word' id='word_1_72' title='bbox 319 1633 461 1715; x_wconf 90' lang='lat' dir='ltr'>eandem</span> <span class='ocrx_word' id='word_1_73' title='bbox 478 1633 644 1697; x_wconf 89' lang='lat' dir='ltr'>admissus</span> <span class='ocrx_word' id='word_1_74' title='bbox 659 1643 719 1710; x_wconf 91' lang='lat' dir='ltr'>est,</span> <span class='ocrx_word' id='word_1_75' title='bbox 734 1643 794 1697; x_wconf 90' lang='lat' dir='ltr'>etc.</span> <span class='ocrx_word' id='word_1_76' title='bbox 842 1634 887 1697; x_wconf 92' lang='lat' dir='ltr'>Et</span> <span class='ocrx_word' id='word_1_77' title='bbox 904 1634 1101 1699; x_wconf 91' lang='lat' dir='ltr'>mandatum</span> <span class='ocrx_word' id='word_1_78' title='bbox 1117 1645 1169 1699; x_wconf 88' lang='lat' dir='ltr'>est</span> <span class='ocrx_word' id='word_1_79' title='bbox 1185 1635 1442 1713; x_wconf 88' lang='lat' dir='ltr'>Archidiacono,</span> <span class='ocrx_word' id='word_1_80' title='bbox 1457 1646 1519 1701; x_wconf 89' lang='lat' dir='ltr'>etc.</span> 
     </span>
    </p>
   </div>
   <div class='ocr_carea' id='block_1_4' title="bbox 408 1898 731 1984">
    <p class='ocr_par' dir='ltr' id='par_1_4' title="bbox 408 1898 731 1984">
     <span class='ocr_line' id='line_1_11' title="bbox 408 1898 731 1984; baseline -0.009 -19"><span class='ocrx_word' id='word_1_81' title='bbox 408 1898 477 1984; x_wconf 84' lang='lat' dir='ltr'>[On</span> <span class='ocrx_word' id='word_1_82' title='bbox 492 1899 545 1963; x_wconf 83' lang='lat' dir='ltr'>the</span> <span class='ocrx_word' id='word_1_83' title='bbox 559 1899 651 1962; x_wconf 85' lang='lat' dir='ltr'>dorse</span> <span class='ocrx_word' id='word_1_84' title='bbox 662 1899 731 1982; x_wconf 86' lang='lat'>:—]</span> 
     </span>
    </p>
   </div>
   <div class='ocr_carea' id='block_1_5' title="bbox 319 2082 1575 2235">
    <p class='ocr_par' dir='ltr' id='par_1_5' title="bbox 319 2082 1575 2235">
     <span class='ocr_line' id='line_1_12' title="bbox 319 2082 1575 2235; baseline 0.003 -98"><span class='ocrx_word' id='word_1_85' title='bbox 319 2082 613 2235; x_wconf 50' lang='lat' dir='ltr'>[Dt&#39;spensatebnossopn</span> <span class='ocrx_word' id='word_1_86' title='bbox 623 2082 700 2150; x_wconf 77' lang='lat' dir='ltr'>Pepe</span> <span class='ocrx_word' id='word_1_87' title='bbox 713 2083 838 2152; x_wconf 76' lang='lat' dir='ltr'>Gregmy</span> <span class='ocrx_word' id='word_1_88' title='bbox 848 2089 875 2136; x_wconf 90' lang='lat' dir='ltr'>to</span> <span class='ocrx_word' id='word_1_89' title='bbox 894 2084 969 2153; x_wconf 87' lang='lat' dir='ltr'>Rels</span> <span class='ocrx_word' id='word_1_90' title='bbox 981 2084 1166 2152; x_wconf 68' lang='lat' dir='ltr'>Dispensater</span> <span class='ocrx_word' id='word_1_91' title='bbox 1174 2089 1201 2137; x_wconf 84' lang='lat' dir='ltr'>to</span> <span class='ocrx_word' id='word_1_92' title='bbox 1216 2085 1285 2138; x_wconf 80' lang='lat' dir='ltr'>hold</span> <span class='ocrx_word' id='word_1_93' title='bbox 1300 2090 1357 2138; x_wconf 84' lang='lat' dir='ltr'>two</span> <span class='ocrx_word' id='word_1_94' title='bbox 1367 2085 1495 2154; x_wconf 78' lang='lat' dir='ltr'>bereefiees</span> <span class='ocrx_word' id='word_1_95' title='bbox 1505 2088 1575 2141; x_wconf 74' lang='lat' dir='ltr'><em>with</em></span> 
     </span>
     <span class='ocr_line' id='line_1_13' title="bbox 385 2167 580 2235; baseline -0.015 -15"><span class='ocrx_word' id='word_1_96' title='bbox 385 2182 448 2220; x_wconf 84' lang='lat' dir='ltr'>eure</span> <span class='ocrx_word' id='word_1_97' title='bbox 458 2167 514 2235; x_wconf 85' lang='lat' dir='ltr'>oss</span> <span class='ocrx_word' id='word_1_98' title='bbox 575 2206 580 2217; x_wconf 94' lang='lat'>.</span> 
     </span>
    </p>
   </div>
   <div class='ocr_carea' id='block_1_6' title="bbox 320 2311 1577 4678">
    <p class='ocr_par' dir='ltr' id='par_1_6' title="bbox 320 2311 1577 4678">
     <span class='ocr_line' id='line_1_14' title="bbox 408 2311 1575 2394; baseline 0.001 -17"><span class='ocrx_word' id='word_1_99' title='bbox 408 2311 587 2394; x_wconf 86' lang='lat' dir='ltr'>Gregorius</span> <span class='ocrx_word' id='word_1_100' title='bbox 605 2311 802 2394; x_wconf 90' lang='lat' dir='ltr'>Episcopus,</span> <span class='ocrx_word' id='word_1_101' title='bbox 817 2332 932 2375; x_wconf 90' lang='lat' dir='ltr'>servus</span> <span class='ocrx_word' id='word_1_102' title='bbox 942 2332 1112 2376; x_wconf 89' lang='lat' dir='ltr'>servorum</span> <span class='ocrx_word' id='word_1_103' title='bbox 1126 2312 1200 2389; x_wconf 92' lang='lat' dir='ltr'>Dei,</span> <span class='ocrx_word' id='word_1_104' title='bbox 1210 2312 1334 2378; x_wconf 90' lang='lat' dir='ltr'>dilecto</span> <span class='ocrx_word' id='word_1_105' title='bbox 1345 2312 1414 2376; x_wconf 90' lang='lat' dir='ltr'>filio</span> <span class='ocrx_word' id='word_1_106' title='bbox 1427 2314 1575 2379; x_wconf 84' lang='lat' dir='ltr'>Radullo</span> 
     </span>
     <span class='ocr_line' id='line_1_15' title="bbox 320 2414 1573 2496; baseline 0.002 -16"><span class='ocrx_word' id='word_1_107' title='bbox 320 2416 411 2480; x_wconf 89' lang='lat' dir='ltr'>dicto</span> <span class='ocrx_word' id='word_1_108' title='bbox 450 2414 691 2496; x_wconf 78' lang='lat' dir='ltr'>Dispensatori,</span> <span class='ocrx_word' id='word_1_109' title='bbox 729 2415 847 2478; x_wconf 87' lang='lat' dir='ltr'>rectori</span> <span class='ocrx_word' id='word_1_110' title='bbox 894 2415 1035 2480; x_wconf 86' lang='lat' dir='ltr'>ecclesie</span> <span class='ocrx_word' id='word_1_111' title='bbox 1064 2416 1108 2480; x_wconf 88' lang='lat' dir='ltr'>de</span> <span class='ocrx_word' id='word_1_112' title='bbox 1147 2415 1292 2493; x_wconf 84' lang='lat' dir='ltr'>Ewelm&#39;,</span> <span class='ocrx_word' id='word_1_113' title='bbox 1330 2417 1573 2482; x_wconf 88' lang='lat' dir='ltr'>Lincolniensis</span> 
     </span>
     <span class='ocr_line' id='line_1_16' title="bbox 320 2518 1573 2603; baseline 0.002 -20"><span class='ocrx_word' id='word_1_114' title='bbox 320 2519 470 2595; x_wconf 88' lang='lat' dir='ltr'>diocesis,</span> <span class='ocrx_word' id='word_1_115' title='bbox 499 2518 641 2582; x_wconf 90' lang='lat' dir='ltr'>salutem</span> <span class='ocrx_word' id='word_1_116' title='bbox 671 2528 706 2583; x_wconf 90' lang='lat' dir='ltr'>et</span> <span class='ocrx_word' id='word_1_117' title='bbox 735 2520 954 2601; x_wconf 90' lang='lat' dir='ltr'>apostolicam</span> <span class='ocrx_word' id='word_1_118' title='bbox 986 2519 1305 2603; x_wconf 85' lang='lat' dir='ltr'>[benedictionem].¹</span> <span class='ocrx_word' id='word_1_119' title='bbox 1353 2521 1573 2586; x_wconf 83' lang='lat' dir='ltr'>Personarum</span> 
     </span>
     <span class='ocr_line' id='line_1_17' title="bbox 322 2622 1576 2708; baseline 0.002 -21"><span class='ocrx_word' id='word_1_120' title='bbox 322 2624 447 2687; x_wconf 91' lang='lat' dir='ltr'>meritis</span> <span class='ocrx_word' id='word_1_121' title='bbox 463 2622 559 2686; x_wconf 91' lang='lat' dir='ltr'>sedes</span> <span class='ocrx_word' id='word_1_122' title='bbox 575 2622 758 2707; x_wconf 91' lang='lat' dir='ltr'>apostolica</span> <span class='ocrx_word' id='word_1_123' title='bbox 777 2624 950 2687; x_wconf 92' lang='lat' dir='ltr'>consuevit</span> <span class='ocrx_word' id='word_1_124' title='bbox 970 2625 1082 2707; x_wconf 83' lang='lat' dir='ltr'>gracie</span> <span class='ocrx_word' id='word_1_125' title='bbox 1100 2645 1158 2687; x_wconf 91' lang='lat' dir='ltr'>sue</span> <span class='ocrx_word' id='word_1_126' title='bbox 1180 2644 1301 2687; x_wconf 92' lang='lat' dir='ltr'>munus</span> <span class='ocrx_word' id='word_1_127' title='bbox 1318 2625 1519 2708; x_wconf 87' lang='lat' dir='ltr'><em>impendere,</em></span> <span class='ocrx_word' id='word_1_128' title='bbox 1538 2636 1576 2689; x_wconf 93' lang='lat' dir='ltr'>ut</span> 
     </span>
     <span class='ocr_line' id='line_1_18' title="bbox 320 2725 1575 2811; baseline 0.002 -21"><span class='ocrx_word' id='word_1_129' title='bbox 320 2747 389 2810; x_wconf 88' lang='lat' dir='ltr'>quo</span> <span class='ocrx_word' id='word_1_130' title='bbox 419 2726 536 2809; x_wconf 88' lang='lat' dir='ltr'>majori</span> <span class='ocrx_word' id='word_1_131' title='bbox 567 2727 641 2808; x_wconf 93' lang='lat' dir='ltr'>quis</span> <span class='ocrx_word' id='word_1_132' title='bbox 671 2727 793 2791; x_wconf 90' lang='lat' dir='ltr'>virtute</span> <span class='ocrx_word' id='word_1_133' title='bbox 823 2728 953 2790; x_wconf 90' lang='lat' dir='ltr'>vivatur</span> <span class='ocrx_word' id='word_1_134' title='bbox 994 2725 1077 2810; x_wconf 84' lang='lat' dir='ltr'>[sic],</span> <span class='ocrx_word' id='word_1_135' title='bbox 1107 2748 1147 2790; x_wconf 91' lang='lat' dir='ltr'>eo</span> <span class='ocrx_word' id='word_1_136' title='bbox 1185 2729 1328 2810; x_wconf 89' lang='lat' dir='ltr'>amplius</span> <span class='ocrx_word' id='word_1_137' title='bbox 1367 2730 1473 2811; x_wconf 90' lang='lat' dir='ltr'>ipsam</span> <span class='ocrx_word' id='word_1_138' title='bbox 1512 2730 1575 2793; x_wconf 92' lang='lat' dir='ltr'>sibi</span> 
     </span>
     <span class='ocr_line' id='line_1_19' title="bbox 322 2830 1575 2915; baseline 0.002 -21"><span class='ocrx_word' id='word_1_139' title='bbox 322 2830 565 2915; x_wconf 90' lang='lat' dir='ltr'>[favora]bilem</span> <span class='ocrx_word' id='word_1_140' title='bbox 585 2831 709 2894; x_wconf 90' lang='lat' dir='ltr'>sentiat</span> <span class='ocrx_word' id='word_1_141' title='bbox 731 2840 765 2893; x_wconf 96' lang='lat' dir='ltr'>et</span> <span class='ocrx_word' id='word_1_142' title='bbox 786 2830 976 2912; x_wconf 89' lang='lat' dir='ltr'><em>benignam.</em></span> <span class='ocrx_word' id='word_1_143' title='bbox 1023 2830 1111 2914; x_wconf 87' lang='lat' dir='ltr'>Quia</span> <span class='ocrx_word' id='word_1_144' title='bbox 1134 2831 1234 2914; x_wconf 86' lang='lat' dir='ltr'>igitur</span> <span class='ocrx_word' id='word_1_145' title='bbox 1256 2831 1413 2895; x_wconf 88' lang='lat' dir='ltr'>nobilitas</span> <span class='ocrx_word' id='word_1_146' title='bbox 1435 2834 1575 2915; x_wconf 86' lang='lat' dir='ltr'>generis,</span> 
     </span>
     <span class='ocr_line' id='line_1_20' title="bbox 322 2934 1573 3020; baseline 0 -20"><span class='ocrx_word' id='word_1_147' title='bbox 322 2956 452 3000; x_wconf 91' lang='lat' dir='ltr'>morum</span> <span class='ocrx_word' id='word_1_148' title='bbox 473 2936 641 3011; x_wconf 90' lang='lat' dir='ltr'>honestas,</span> <span class='ocrx_word' id='word_1_149' title='bbox 660 2934 829 2998; x_wconf 91' lang='lat' dir='ltr'>literarum</span> <span class='ocrx_word' id='word_1_150' title='bbox 853 2935 1002 3012; x_wconf 87' lang='lat' dir='ltr'>scientia,</span> <span class='ocrx_word' id='word_1_151' title='bbox 1025 2955 1091 3017; x_wconf 92' lang='lat' dir='ltr'>que</span> <span class='ocrx_word' id='word_1_152' title='bbox 1115 2946 1149 2999; x_wconf 92' lang='lat' dir='ltr'>te</span> <span class='ocrx_word' id='word_1_153' title='bbox 1175 2935 1333 2999; x_wconf 89' lang='lat' dir='ltr'>decenter</span> <span class='ocrx_word' id='word_1_154' title='bbox 1359 2935 1573 3020; x_wconf 91' lang='lat' dir='ltr'>ador[nant]‚</span> 
     </span>
     <span class='ocr_line' id='line_1_21' title="bbox 321 3038 1572 3124; baseline 0.001 -20"><span class='ocrx_word' id='word_1_155' title='bbox 321 3060 498 3121; x_wconf 90' lang='lat' dir='ltr'>personam</span> <span class='ocrx_word' id='word_1_156' title='bbox 514 3050 606 3102; x_wconf 89' lang='lat' dir='ltr'>tuam</span> <span class='ocrx_word' id='word_1_157' title='bbox 624 3038 769 3102; x_wconf 92' lang='lat' dir='ltr'>reddunt</span> <span class='ocrx_word' id='word_1_158' title='bbox 789 3038 1016 3121; x_wconf 89' lang='lat' dir='ltr'>multipliciter</span> <span class='ocrx_word' id='word_1_159' title='bbox 1039 3040 1351 3118; x_wconf 88' lang='lat' dir='ltr'>commendabilem,</span> <span class='ocrx_word' id='word_1_160' title='bbox 1367 3040 1572 3124; x_wconf 88' lang='lat' dir='ltr'>dignamque</span> 
     </span>
     <span class='ocr_line' id='line_1_22' title="bbox 322 3142 1576 3228; baseline 0.002 -22"><span class='ocrx_word' id='word_1_161' title='bbox 322 3143 434 3208; x_wconf 86' lang='lat' dir='ltr'>favore</span> <span class='ocrx_word' id='word_1_162' title='bbox 458 3164 496 3207; x_wconf 88' lang='lat' dir='ltr'>ac</span> <span class='ocrx_word' id='word_1_163' title='bbox 523 3143 657 3226; x_wconf 91' lang='lat' dir='ltr'>speciali</span> <span class='ocrx_word' id='word_1_164' title='bbox 683 3142 916 3219; x_wconf 88' lang='lat' dir='ltr'>benivolentia,</span> <span class='ocrx_word' id='word_1_165' title='bbox 932 3163 1002 3220; x_wconf 92' lang='lat' dir='ltr'>nos,</span> <span class='ocrx_word' id='word_1_166' title='bbox 1025 3164 1100 3207; x_wconf 92' lang='lat' dir='ltr'>cum</span> <span class='ocrx_word' id='word_1_167' title='bbox 1129 3144 1279 3208; x_wconf 90' lang='lat' dir='ltr'>redditus</span> <span class='ocrx_word' id='word_1_168' title='bbox 1305 3144 1457 3208; x_wconf 90' lang='lat' dir='ltr'>beneficii</span> <span class='ocrx_word' id='word_1_169' title='bbox 1483 3144 1576 3228; x_wconf 89' lang='lat' dir='ltr'>[tui],</span> 
     </span>
     <span class='ocr_line' id='line_1_23' title="bbox 321 3245 1575 3331; baseline 0 -19"><span class='ocrx_word' id='word_1_170' title='bbox 321 3249 439 3331; x_wconf 88' lang='lat' dir='ltr'>viginti</span> <span class='ocrx_word' id='word_1_171' title='bbox 466 3249 613 3330; x_wconf 89' lang='lat' dir='ltr'>quinque</span> <span class='ocrx_word' id='word_1_172' title='bbox 639 3266 823 3310; x_wconf 89' lang='lat' dir='ltr'>marcarum</span> <span class='ocrx_word' id='word_1_173' title='bbox 849 3246 1034 3312; x_wconf 91' lang='lat' dir='ltr'>valenciam</span> <span class='ocrx_word' id='word_1_174' title='bbox 1060 3245 1155 3311; x_wconf 87' lang='lat' dir='ltr'>sicut¹</span> <span class='ocrx_word' id='word_1_175' title='bbox 1182 3267 1248 3310; x_wconf 90' lang='lat' dir='ltr'>non</span> <span class='ocrx_word' id='word_1_176' title='bbox 1275 3249 1420 3326; x_wconf 88' lang='lat' dir='ltr'>excedit,</span> <span class='ocrx_word' id='word_1_177' title='bbox 1444 3250 1504 3313; x_wconf 93' lang='lat' dir='ltr'>tibi</span> <span class='ocrx_word' id='word_1_178' title='bbox 1531 3249 1575 3313; x_wconf 93' lang='lat' dir='ltr'>ad</span> 
     </span>
     <span class='ocr_line' id='line_1_24' title="bbox 322 3349 1576 3435; baseline -0.001 -19"><span class='ocrx_word' id='word_1_179' title='bbox 322 3352 598 3416; x_wconf 87' lang='lat' dir='ltr'>sustentationem</span> <span class='ocrx_word' id='word_1_180' title='bbox 620 3370 801 3433; x_wconf 88' lang='lat' dir='ltr'>congruam</span> <span class='ocrx_word' id='word_1_181' title='bbox 824 3370 890 3412; x_wconf 90' lang='lat' dir='ltr'>non</span> <span class='ocrx_word' id='word_1_182' title='bbox 912 3349 1079 3414; x_wconf 89' lang='lat' dir='ltr'>sufficiant</span> <span class='ocrx_word' id='word_1_183' title='bbox 1099 3362 1133 3416; x_wconf 89' lang='lat' dir='ltr'>et</span> <span class='ocrx_word' id='word_1_184' title='bbox 1155 3350 1176 3434; x_wconf 94' lang='lat'>[.</span> <span class='ocrx_word' id='word_1_185' title='bbox 1222 3402 1228 3414; x_wconf 93' lang='lat'><strong>.</strong></span> <span class='ocrx_word' id='word_1_186' title='bbox 1260 3431 1262 3434; x_wconf 9' lang='grc' dir='ltr'><em>Α</em></span> <span class='ocrx_word' id='word_1_187' title='bbox 1274 3401 1492 3415; x_wconf 93' lang='grc'><strong>.....</strong></span> <span class='ocrx_word' id='word_1_188' title='bbox 1494 3351 1507 3434; x_wconf 95' lang='grc'><strong>]</strong></span> <span class='ocrx_word' id='word_1_189' title='bbox 1534 3353 1576 3435; x_wconf 88' lang='lat' dir='ltr'>ig&#39;</span> 
     </span>
     <span class='ocr_line' id='line_1_25' title="bbox 322 3454 1577 3538; baseline -0.001 -17"><span class='ocrx_word' id='word_1_190' title='bbox 322 3454 529 3521; x_wconf 89' lang='lat' dir='ltr'>consuetudo</span> <span class='ocrx_word' id='word_1_191' title='bbox 544 3455 659 3537; x_wconf 90' lang='lat' dir='ltr'>patrie,</span> <span class='ocrx_word' id='word_1_192' title='bbox 675 3464 709 3518; x_wconf 93' lang='lat' dir='ltr'>et</span> <span class='ocrx_word' id='word_1_193' title='bbox 732 3454 897 3517; x_wconf 91' lang='lat' dir='ltr'>nobilitati</span> <span class='ocrx_word' id='word_1_194' title='bbox 917 3465 974 3517; x_wconf 91' lang='lat' dir='ltr'>tue</span> <span class='ocrx_word' id='word_1_195' title='bbox 995 3454 1181 3538; x_wconf 85' lang='lat' dir='ltr'>conven[it]</span> <span class='ocrx_word' id='word_1_196' title='bbox 1207 3455 1428 3537; x_wconf 90' lang='lat' dir='ltr'>hospitalitati</span> <span class='ocrx_word' id='word_1_197' title='bbox 1450 3476 1577 3533; x_wconf 92' lang='lat' dir='ltr'>vacare,</span> 
     </span>
     <span class='ocr_line' id='line_1_26' title="bbox 322 3557 1576 3642; baseline -0.002 -18"><span class='ocrx_word' id='word_1_198' title='bbox 322 3559 509 3624; x_wconf 91' lang='lat' dir='ltr'>devotionis</span> <span class='ocrx_word' id='word_1_199' title='bbox 525 3569 581 3622; x_wconf 89' lang='lat' dir='ltr'>tue</span> <span class='ocrx_word' id='word_1_200' title='bbox 597 3558 750 3642; x_wconf 92' lang='lat' dir='ltr'>precibus</span> <span class='ocrx_word' id='word_1_201' title='bbox 766 3558 924 3634; x_wconf 90' lang='lat' dir='ltr'>inclinati,</span> <span class='ocrx_word' id='word_1_202' title='bbox 940 3559 1144 3640; x_wconf 90' lang='lat' dir='ltr'>presentium</span> <span class='ocrx_word' id='word_1_203' title='bbox 1162 3558 1221 3620; x_wconf 91' lang='lat' dir='ltr'>tibi</span> <span class='ocrx_word' id='word_1_204' title='bbox 1241 3557 1476 3642; x_wconf 87' lang='lat' dir='ltr'>a[uctoritate]</span> <span class='ocrx_word' id='word_1_205' title='bbox 1497 3579 1576 3622; x_wconf 92' lang='lat' dir='ltr'>con-</span> 
     </span>
     <span class='ocr_line' id='line_1_27' title="bbox 321 3660 1574 3743; baseline -0.002 -16"><span class='ocrx_word' id='word_1_206' title='bbox 321 3664 471 3728; x_wconf 88' lang='lat' dir='ltr'>cedimus</span> <span class='ocrx_word' id='word_1_207' title='bbox 491 3673 537 3739; x_wconf 92' lang='lat' dir='ltr'>ut,</span> <span class='ocrx_word' id='word_1_208' title='bbox 556 3662 794 3725; x_wconf 90' lang='lat' dir='ltr'>constitutione</span> <span class='ocrx_word' id='word_1_209' title='bbox 815 3661 980 3743; x_wconf 88' lang='lat' dir='ltr'>generalis</span> <span class='ocrx_word' id='word_1_210' title='bbox 1002 3660 1142 3725; x_wconf 91' lang='lat' dir='ltr'>Concilii</span> <span class='ocrx_word' id='word_1_211' title='bbox 1167 3680 1233 3723; x_wconf 93' lang='lat' dir='ltr'>non</span> <span class='ocrx_word' id='word_1_212' title='bbox 1255 3660 1419 3738; x_wconf 89' lang='lat' dir='ltr'>obstante,</span> <span class='ocrx_word' id='word_1_213' title='bbox 1442 3663 1574 3725; x_wconf 90' lang='lat' dir='ltr'>unicum</span> 
     </span>
     <span class='ocr_line' id='line_1_28' title="bbox 321 3763 1575 3848; baseline -0.001 -18"><span class='ocrx_word' id='word_1_214' title='bbox 321 3767 433 3830; x_wconf 89' lang='lat' dir='ltr'>valeas</span> <span class='ocrx_word' id='word_1_215' title='bbox 456 3766 605 3848; x_wconf 89' lang='lat' dir='ltr'>accipere</span> <span class='ocrx_word' id='word_1_216' title='bbox 628 3763 836 3840; x_wconf 90' lang='lat' dir='ltr'>beneficium,</span> <span class='ocrx_word' id='word_1_217' title='bbox 859 3764 886 3826; x_wconf 95' lang='lat' dir='ltr'>si</span> <span class='ocrx_word' id='word_1_218' title='bbox 910 3763 969 3828; x_wconf 89' lang='lat' dir='ltr'>tibi</span> <span class='ocrx_word' id='word_1_219' title='bbox 993 3765 1152 3827; x_wconf 89' lang='lat' dir='ltr'>canonice</span> <span class='ocrx_word' id='word_1_220' title='bbox 1174 3763 1282 3846; x_wconf 89' lang='lat' dir='ltr'>ess[et</span> <span class='ocrx_word' id='word_1_221' title='bbox 1306 3764 1474 3841; x_wconf 87' lang='lat' dir='ltr'>collatum,</span> <span class='ocrx_word' id='word_1_222' title='bbox 1498 3786 1575 3829; x_wconf 92' lang='lat' dir='ltr'>cum</span> 
     </span>
     <span class='ocr_line' id='line_1_29' title="bbox 322 3867 1576 3953; baseline 0 -20"><span class='ocrx_word' id='word_1_223' title='bbox 322 3870 413 3953; x_wconf 89' lang='lat' dir='ltr'>cura]</span> <span class='ocrx_word' id='word_1_224' title='bbox 437 3871 632 3945; x_wconf 92' lang='lat' dir='ltr'>animarum,</span> <span class='ocrx_word' id='word_1_225' title='bbox 655 3879 788 3932; x_wconf 93' lang='lat' dir='ltr'>etcum</span> <span class='ocrx_word' id='word_1_226' title='bbox 813 3868 869 3931; x_wconf 93' lang='lat' dir='ltr'>illo</span> <span class='ocrx_word' id='word_1_227' title='bbox 892 3867 983 3950; x_wconf 93' lang='lat' dir='ltr'>quod</span> <span class='ocrx_word' id='word_1_228' title='bbox 1006 3887 1095 3931; x_wconf 91' lang='lat' dir='ltr'>nunc</span> <span class='ocrx_word' id='word_1_229' title='bbox 1118 3869 1251 3951; x_wconf 91' lang='lat' dir='ltr'>optines</span> <span class='ocrx_word' id='word_1_230' title='bbox 1274 3870 1424 3946; x_wconf 89' lang='lat' dir='ltr'>retinere,</span> <span class='ocrx_word' id='word_1_231' title='bbox 1440 3871 1576 3953; x_wconf 88' lang='lat' dir='ltr'>proviso</span> 
     </span>
     <span class='ocr_line' id='line_1_30' title="bbox 322 3971 1576 4056; baseline 0 -18"><span class='ocrx_word' id='word_1_232' title='bbox 322 3984 435 4038; x_wconf 91' lang='lat' dir='ltr'>tamen</span> <span class='ocrx_word' id='word_1_233' title='bbox 465 3974 555 4055; x_wconf 92' lang='lat' dir='ltr'>quod</span> <span class='ocrx_word' id='word_1_234' title='bbox 585 3973 772 4036; x_wconf 91' lang='lat' dir='ltr'>animarum</span> <span class='ocrx_word' id='word_1_235' title='bbox 802 3991 881 4035; x_wconf 90' lang='lat' dir='ltr'>cura</span> <span class='ocrx_word' id='word_1_236' title='bbox 912 3971 1101 4036; x_wconf 91' lang='lat' dir='ltr'>nullatenus</span> <span class='ocrx_word' id='word_1_237' title='bbox 1132 3974 1351 4056; x_wconf 86' lang='lat' dir='ltr'>neggligatur,</span> <span class='ocrx_word' id='word_1_238' title='bbox 1374 3982 1412 4036; x_wconf 90' lang='lat' dir='ltr'>ut</span> <span class='ocrx_word' id='word_1_239' title='bbox 1437 3974 1576 4038; x_wconf 90' lang='lat' dir='ltr'>ecclesie</span> 
     </span>
     <span class='ocr_line' id='line_1_31' title="bbox 322 4073 1576 4160; baseline 0.002 -23"><span class='ocrx_word' id='word_1_240' title='bbox 322 4075 335 4160; x_wconf 97' lang='lat'><strong>[</strong></span> <span class='ocrx_word' id='word_1_241' title='bbox 388 4125 814 4140; x_wconf 91' lang='grc'><strong>.........</strong></span> <span class='ocrx_word' id='word_1_242' title='bbox 868 4073 970 4158; x_wconf 83' lang='grc' dir='ltr'>]ηοη</span> <span class='ocrx_word' id='word_1_243' title='bbox 987 4075 1187 4140; x_wconf 86' lang='lat' dir='ltr'>fraudentur.</span> <span class='ocrx_word' id='word_1_244' title='bbox 1234 4076 1326 4140; x_wconf 88' lang='lat' dir='ltr'>Nulli</span> <span class='ocrx_word' id='word_1_245' title='bbox 1341 4096 1422 4160; x_wconf 86' lang='lat' dir='ltr'>ergo</span> <span class='ocrx_word' id='word_1_246' title='bbox 1437 4077 1576 4141; x_wconf 90' lang='lat' dir='ltr'>omnino</span> 
     </span>
     <span class='ocr_line' id='line_1_32' title="bbox 322 4179 1575 4263; baseline 0.001 -21"><span class='ocrx_word' id='word_1_247' title='bbox 322 4180 496 4244; x_wconf 90' lang='lat' dir='ltr'>hominurn</span> <span class='ocrx_word' id='word_1_248' title='bbox 530 4179 628 4243; x_wconf 89' lang='lat' dir='ltr'>liceat</span> <span class='ocrx_word' id='word_1_249' title='bbox 666 4179 751 4243; x_wconf 94' lang='lat' dir='ltr'>hanc</span> <span class='ocrx_word' id='word_1_250' title='bbox 790 4179 947 4261; x_wconf 86' lang='lat' dir='ltr'>paginam</span> <span class='ocrx_word' id='word_1_251' title='bbox 986 4189 1098 4243; x_wconf 90' lang='lat' dir='ltr'>nostre</span> <span class='ocrx_word' id='word_1_252' title='bbox 1134 4181 1358 4243; x_wconf 89' lang='lat' dir='ltr'>concessionis</span> <span class='ocrx_word' id='word_1_253' title='bbox 1396 4179 1575 4263; x_wconf 81' lang='lat' dir='ltr'>infringere</span> 
     </span>
     <span class='ocr_line' id='line_1_33' title="bbox 327 4281 1575 4368; baseline 0.001 -22"><span class='ocrx_word' id='word_1_254' title='bbox 327 4283 342 4368; x_wconf 94' lang='lat'>[</span> <span class='ocrx_word' id='word_1_255' title='bbox 386 4331 918 4346; x_wconf 92' lang='grc'><strong>...........</strong></span> <span class='ocrx_word' id='word_1_256' title='bbox 948 4281 975 4365; x_wconf 82' lang='grc'>].</span> <span class='ocrx_word' id='word_1_257' title='bbox 1022 4283 1058 4348; x_wconf 88' lang='lat' dir='ltr'>Si</span> <span class='ocrx_word' id='word_1_258' title='bbox 1073 4284 1148 4365; x_wconf 93' lang='lat' dir='ltr'>quis</span> <span class='ocrx_word' id='word_1_259' title='bbox 1164 4293 1276 4348; x_wconf 89' lang='lat' dir='ltr'>autem</span> <span class='ocrx_word' id='word_1_260' title='bbox 1293 4283 1356 4347; x_wconf 92' lang='lat' dir='ltr'>hoc</span> <span class='ocrx_word' id='word_1_261' title='bbox 1372 4293 1575 4367; x_wconf 90' lang='lat' dir='ltr'>attemptare</span> 
     </span>
     <span class='ocr_line' id='line_1_34' title="bbox 323 4385 1576 4468; baseline -0.001 -18"><span class='ocrx_word' id='word_1_262' title='bbox 323 4385 588 4468; x_wconf 91' lang='lat' dir='ltr'>presu[mpserit]</span> <span class='ocrx_word' id='word_1_263' title='bbox 601 4385 866 4467; x_wconf 85' lang='lat' dir='ltr'>indignationem</span> <span class='ocrx_word' id='word_1_264' title='bbox 877 4385 1118 4468; x_wconf 90' lang='lat' dir='ltr'>omnipotentis</span> <span class='ocrx_word' id='word_1_265' title='bbox 1131 4385 1195 4449; x_wconf 90' lang='lat' dir='ltr'>Dei</span> <span class='ocrx_word' id='word_1_266' title='bbox 1207 4396 1242 4449; x_wconf 89' lang='lat' dir='ltr'>et</span> <span class='ocrx_word' id='word_1_267' title='bbox 1253 4387 1428 4449; x_wconf 90' lang='lat' dir='ltr'>beatorum</span> <span class='ocrx_word' id='word_1_268' title='bbox 1441 4386 1529 4449; x_wconf 91' lang='lat' dir='ltr'>Petri</span> <span class='ocrx_word' id='word_1_269' title='bbox 1542 4396 1576 4450; x_wconf 90' lang='lat' dir='ltr'>et</span> 
     </span>
     <span class='ocr_line' id='line_1_35' title="bbox 324 4487 1576 4572; baseline -0.002 -18"><span class='ocrx_word' id='word_1_270' title='bbox 324 4490 417 4554; x_wconf 91' lang='lat' dir='ltr'>Pauli</span> <span class='ocrx_word' id='word_1_271' title='bbox 454 4489 681 4572; x_wconf 90' lang='lat' dir='ltr'>apostolorum</span> <span class='ocrx_word' id='word_1_272' title='bbox 720 4487 864 4572; x_wconf 90' lang='lat' dir='ltr'>[noverit</span> <span class='ocrx_word' id='word_1_273' title='bbox 900 4509 937 4553; x_wconf 90' lang='lat' dir='ltr'>se</span> <span class='ocrx_word' id='word_1_274' title='bbox 974 4487 1203 4572; x_wconf 89' lang='lat' dir='ltr'>incur]surum.</span> <span class='ocrx_word' id='word_1_275' title='bbox 1250 4489 1377 4552; x_wconf 92' lang='lat' dir='ltr'>Datum</span> <span class='ocrx_word' id='word_1_276' title='bbox 1410 4489 1576 4567; x_wconf 87' lang='lat' dir='ltr'>Laterani,</span> 
     </span>
     <span class='ocr_line' id='line_1_36' title="bbox 322 4591 1289 4678; baseline -0.002 -20"><span class='ocrx_word' id='word_1_277' title='bbox 322 4601 441 4678; x_wconf 87' lang='lat' dir='ltr'>quarto</span> <span class='ocrx_word' id='word_1_278' title='bbox 460 4592 539 4657; x_wconf 91' lang='lat' dir='ltr'>Idus</span> <span class='ocrx_word' id='word_1_279' title='bbox 556 4593 691 4676; x_wconf 91' lang='lat' dir='ltr'>Aprilis,</span> <span class='ocrx_word' id='word_1_280' title='bbox 706 4591 921 4676; x_wconf 88' lang='lat' dir='ltr'>pontificatus</span> <span class='ocrx_word' id='word_1_281' title='bbox 937 4594 1041 4657; x_wconf 89' lang='lat' dir='ltr'>nostri</span> <span class='ocrx_word' id='word_1_282' title='bbox 1057 4613 1147 4656; x_wconf 92' lang='lat' dir='ltr'>anno</span> <span class='ocrx_word' id='word_1_283' title='bbox 1161 4604 1289 4658; x_wconf 84' lang='lat' dir='ltr'>octavo</span> 
     </span>
    </p>
   </div>
   <div class='ocr_carea' id='block_1_7' title="bbox 322 4879 1576 5118">
    <p class='ocr_par' dir='ltr' id='par_1_7' title="bbox 322 4879 1576 5118">
     <span class='ocr_line' id='line_1_37' title="bbox 388 4879 1576 4949; baseline -0.001 -15"><span class='ocrx_word' id='word_1_284' title='bbox 388 4881 472 4935; x_wconf 88' lang='lat' dir='ltr'>¹The</span> <span class='ocrx_word' id='word_1_285' title='bbox 491 4883 541 4935; x_wconf 90' lang='lat' dir='ltr'>roll</span> <span class='ocrx_word' id='word_1_286' title='bbox 562 4883 586 4935; x_wconf 90' lang='lat' dir='ltr'>is</span> <span class='ocrx_word' id='word_1_287' title='bbox 607 4883 689 4934; x_wconf 89' lang='lat' dir='ltr'>much</span> <span class='ocrx_word' id='word_1_288' title='bbox 707 4882 829 4935; x_wconf 90' lang='lat' dir='ltr'>rubbed:</span> <span class='ocrx_word' id='word_1_289' title='bbox 847 4882 970 4949; x_wconf 82' lang='lat' dir='ltr'>illegible</span> <span class='ocrx_word' id='word_1_290' title='bbox 989 4883 1083 4935; x_wconf 90' lang='lat' dir='ltr'>words</span> <span class='ocrx_word' id='word_1_291' title='bbox 1106 4898 1154 4934; x_wconf 89' lang='lat' dir='ltr'>are</span> <span class='ocrx_word' id='word_1_292' title='bbox 1176 4881 1270 4934; x_wconf 89' lang='lat' dir='ltr'>added</span> <span class='ocrx_word' id='word_1_293' title='bbox 1292 4883 1319 4933; x_wconf 90' lang='lat' dir='ltr'>in</span> <span class='ocrx_word' id='word_1_294' title='bbox 1342 4881 1480 4934; x_wconf 81' lang='lat' dir='ltr'>brackets.</span> <span class='ocrx_word' id='word_1_295' title='bbox 1513 4879 1576 4933; x_wconf 90' lang='lat' dir='ltr'>The</span> 
     </span>
     <span class='ocr_line' id='line_1_38' title="bbox 322 4963 1574 5034; baseline -0.005 -12"><span class='ocrx_word' id='word_1_296' title='bbox 322 4968 472 5022; x_wconf 86' lang='lat' dir='ltr'>document</span> <span class='ocrx_word' id='word_1_297' title='bbox 491 4967 515 5018; x_wconf 83' lang='lat' dir='ltr'>is</span> <span class='ocrx_word' id='word_1_298' title='bbox 527 4964 643 5018; x_wconf 88' lang='lat' dir='ltr'>entered</span> <span class='ocrx_word' id='word_1_299' title='bbox 654 4981 756 5034; x_wconf 84' lang='lat' dir='ltr'>among</span> <span class='ocrx_word' id='word_1_300' title='bbox 768 4965 815 5017; x_wconf 88' lang='lat' dir='ltr'>the</span> <span class='ocrx_word' id='word_1_301' title='bbox 837 4964 922 5034; x_wconf 86' lang='lat' dir='ltr'>Papal</span> <span class='ocrx_word' id='word_1_302' title='bbox 941 4964 1060 5018; x_wconf 80' lang='lat' dir='ltr'>Lettere.</span> <span class='ocrx_word' id='word_1_303' title='bbox 1092 4963 1144 5018; x_wconf 89' lang='lat' dir='ltr'>See</span> <span class='ocrx_word' id='word_1_304' title='bbox 1155 4963 1337 5020; x_wconf 86' lang='lat' dir='ltr'>Calendarol</span> <span class='ocrx_word' id='word_1_305' title='bbox 1352 4963 1438 5032; x_wconf 86' lang='lat' dir='ltr'>Papal</span> <span class='ocrx_word' id='word_1_306' title='bbox 1457 4963 1574 5030; x_wconf 79' lang='lat' dir='ltr'>Letters,</span> 
     </span>
     <span class='ocr_line' id='line_1_39' title="bbox 323 5049 512 5118; baseline -0.021 -16"><span class='ocrx_word' id='word_1_307' title='bbox 323 5049 403 5114; x_wconf 89' lang='lat' dir='ltr'>voli,</span> <span class='ocrx_word' id='word_1_308' title='bbox 418 5065 444 5118; x_wconf 90' lang='lat' dir='ltr'>p.</span> <span class='ocrx_word' id='word_1_309' title='bbox 459 5061 512 5112; x_wconf 89' lang='lat'>¹40·</span> 
     </span>
    </p>
   </div>
   <div class='ocr_carea' id='block_1_8' title="bbox 0 0 1813 5636">
    <p class='ocr_par' dir='ltr' id='par_1_8' title="bbox 0 0 1813 5636">
     <span class='ocr_line' id='line_1_40' title="bbox 0 0 1813 5636; baseline 0 0"><span class='ocrx_word' id='word_1_310' title='bbox 0 0 1813 5636; x_wconf 95' lang='lat' dir='ltr'> </span> 
     </span>
    </p>
   </div>
  </div>
 </body>
</html>
