3609 5642
593 586 773 689 Episcopi
794 587 1078 667 inzcolm'ensa'r.
1395 612 1467 685 219

209 826 312 893 [Gront
319 826 356 895 os
362 826 409 880 the
419 826 574 881 relaxatori
586 829 622 896 of
628 843 643 894 7
654 826 724 896 days
733 828 894 897 ospenance
905 833 933 881 to
942 828 987 883 all
1000 826 1065 881 who
1072 828 1142 896 give
1152 828 1225 880 alnts
1236 831 1263 881 to
1274 827 1320 881 tlte
1330 827 1428 897 bn'dge
1437 828 1473 896 os

271 908 410 977 Bretsotd
419 908 465 977 (?)
471 926 486 973 ,⁰
495 909 574 975 June
584 928 624 975 ar,
636 910 720 979 md]

295 1020 464 1086 Omnibus
486 1031 548 1085 etc.
604 1023 657 1085 De
676 1022 902 1085 misericordia
933 1022 995 1085 Dei
1024 1022 1274 1104 omnipotentis,
1293 1022 1410 1085 'Patris
1433 1032 1467 1085 et

211 1124 285 1187 Filii
309 1134 344 1187 et
373 1125 518 1207 Spiritus
544 1126 669 1202 Sancti,
694 1124 810 1189 confisi
837 1125 994 1189 omnibus
1019 1136 1131 1189 nostre
1157 1124 1300 1188 diocesis
1325 1134 1360 1188 et
1385 1126 1468 1203 aliis,

209 1248 348 1310 quorum
365 1228 534 1292 diocesani
551 1228 637 1291 hanc
654 1240 803 1293 nostram
820 1228 1063 1293 relaxationem
1081 1238 1187 1291 ratam
1206 1228 1393 1305 habuerint,
1410 1250 1468 1311 per

210 1342 347 1415 pontem
366 1331 410 1396 de
427 1331 579 1396 Bretford
602 1332 852 1396 transeuntibus
870 1342 905 1396 et
925 1332 967 1396 ad
989 1332 1232 1415 reparationem
1253 1332 1404 1414 ejusdem
1426 1332 1469 1397 de

209 1436 306 1499 bonis
322 1435 384 1499 sibi
402 1458 422 1499 a
439 1437 514 1500 Deo
537 1436 667 1500 collatis
689 1436 813 1519 aliquid
836 1437 881 1500 ibi
906 1438 959 1519 pie
978 1436 1236 1512 conferentibus
1251 1436 1412 1501 confessis
1432 1448 1466 1501 et

209 1561 286 1604 vere
302 1541 541 1624 penitentibus
556 1541 599 1605 de
619 1541 770 1623 injuncta
792 1542 855 1605 sibi
880 1542 1065 1624 penitentia
1089 1551 1219 1623 septem
1242 1542 1315 1605 dies
1339 1541 1468 1605 relaxa-

210 1664 293 1720 mus,
312 1643 534 1708 concedentes
553 1646 639 1708 hanc
664 1645 881 1709 relaxationis
905 1654 1018 1708 nostre
1039 1647 1183 1728 gratiam
1204 1664 1263 1727 per
1286 1646 1467 1709 triennium

208 1747 411 1811 duraturam.
458 1747 678 1812 Prohibemus
693 1759 807 1813 autem
824 1769 866 1812 ne
882 1769 958 1812 cum
980 1749 1043 1811 hiis
1063 1750 1180 1813 litteris
1200 1750 1321 1813 nostris
1337 1758 1468 1832 patent-

209 1852 282 1915 ibus
312 1851 433 1934 aliquis
464 1852 653 1934 predicator
677 1863 736 1916 aut
763 1855 900 1916 nuntius
926 1854 957 1915 in
986 1854 1218 1936 episcopatum
1246 1863 1397 1917 nostrum
1425 1852 1468 1917 ad

208 1955 315 2020 dictas
341 1956 541 2021 elemosinas
571 1956 776 2040 colligendas
807 1958 1061 2022 transmittatur.
1120 1959 1208 2021 Date
1239 1978 1298 2040 per
1329 1978 1467 2022 manum

207 2068 356 2122 nostram
375 2057 466 2141 apud
484 2058 642 2143 Kildeby,
658 2062 693 2124 xi
719 2060 881 2125 kalendas
901 2060 980 2143 Julii
1002 2080 1092 2123 anno
1118 2060 1334 2143 pontificatus
1363 2063 1467 2126 nostri

209 2161 342 2227 decimo
358 2165 511 2247 septimo,

208 2421 244 2485 [Α
255 2423 413 2474 relaxatron
423 2424 454 2489 ο]
464 2439 497 2473 20
507 2421 577 2491 days
591 2424 752 2491 ospenance
763 2428 790 2475 to
800 2424 843 2476 all
851 2424 916 2477 wlco
930 2424 1001 2491 give
1011 2424 1086 2476 olms
1097 2422 1220 2477 mwards
1240 2424 1286 2476 tlte
1296 2422 1428 2493 buildiug
1439 2426 1475 2493 os

271 2504 318 2557 the
329 2508 486 2573 monasmy
496 2504 532 2573 os
537 2504 704 2569 Finnesked,
717 2506 790 2558 altos
804 2506 895 2559 Castle
907 2506 1029 2575 Hymel,·
1039 2506 1112 2574 July
1119 2509 1159 2569 26,
1173 2506 1257 2575 mo]

297 2615 468 2679 Omnibus
491 2625 553 2679 etc.
603 2616 690 2679 Cum
713 2616 814 2681 decor
837 2618 958 2681 domus
984 2618 1121 2681 Domini
1146 2618 1188 2680 sit
1211 2618 1371 2701 exemplo
1394 2640 1469 2702 pro·

210 2720 310 2803 phete
326 2740 394 2783 non
412 2720 568 2783 inmerito
583 2719 773 2803 diligendus
790 2731 824 2784 et
840 2721 913 2785 loca
930 2741 1023 2785 sacra
1039 2732 1231 2786 construere
1246 2722 1368 2786 debeat
1385 2722 1470 2787 inter

210 2845 311 2907 opera
334 2824 483 2888 caritatis
505 2825 702 2906 computari,
723 2825 974 2888 universitatem
999 2838 1142 2889 vestram
1168 2846 1335 2909 rogamus
1356 2847 1469 2889 mone-

211 2949 284 2993 mus
299 2941 334 2992 et
349 2928 570 2991 exhortamur
586 2929 619 2990 in
637 2928 795 3005 Domino,
811 2928 969 3011 quatinus
985 2950 1061 2992 cum
1078 2952 1137 2992 vos
1154 2952 1213 3012 per
1230 2931 1468 2993 monasterium

211 3034 252 3096 de
278 3032 489 3097 Finesheved
520 3034 632 3095 venire
662 3034 849 3115 contigerit,
876 3033 920 3096 de
950 3034 1047 3097 bonis
1075 3033 1170 3096 vobis
1193 3055 1213 3096 a
1240 3032 1314 3096 Deo
1339 3033 1469 3097 collatis

211 3135 334 3219 aliquid
363 3136 405 3199 ad
433 3138 716 3200 constructionem
740 3136 892 3218 ejusdem
918 3136 1174 3201 misericorditer
1199 3136 1351 3219 erogetis
1400 3135 1470 3199 Nos

210 3250 321 3305 autem
347 3240 391 3305 de
414 3241 641 3304 misericordia
658 3243 722 3305 Dei
741 3252 776 3304 et
796 3243 940 3323 gloriose
963 3242 1100 3324 virginis
1118 3242 1225 3305 Marie
1247 3242 1373 3305 meritis
1392 3260 1469 3303 con-

212 3344 361 3423 fidentes
385 3347 541 3408 omnibus
565 3340 678 3409 nost're
700 3346 843 3410 diocesis
865 3356 900 3410 et
924 3346 1006 3422 aliis,
1024 3366 1166 3428 quorum
1189 3345 1358 3409 diocesani
1384 3345 1470 3408 hanc

211 3461 359 3514 nostram
377 3449 621 3514 relaxationem
639 3462 745 3515 ratam
762 3451 949 3527 habuerint,
964 3451 1007 3514 ad
1025 3450 1212 3533 predictum
1230 3450 1469 3513 monasterium

211 3554 421 3618 venientibus
440 3564 475 3618 et
495 3553 619 3617 ibidem
639 3556 839 3619 elemosinas
859 3576 937 3619 suas
962 3556 1016 3637 pie
1036 3553 1292 3631 conserentibus,
1311 3552 1471 3617 confessis

211 3668 244 3719 et
259 3678 337 3721 vere
353 3657 591 3741 penitentibus
607 3650 817 3741 deinjun'cta
832 3658 895 3721 sibi
912 3658 1097 3742 penitentia
1115 3680 1163 3721 xx
1181 3658 1252 3721 dies
1270 3656 1471 3733 relaxamus,

212 3761 434 3825 concedentes
451 3761 536 3825 hanc
558 3761 775 3827 relaxationis
795 3773 908 3826 nostre
928 3762 1070 3844 gratiam
1093 3783 1153 3845 per
1173 3762 1352 3825 triennium
1373 3761 1471 3825 dura·

213 3875 319 3929 turam
336 3876 372 3929 et
389 3865 604 3948 prohibentes
620 3886 663 3930 ne
678 3867 798 3949 aliquis
814 3864 1004 3950 predicator
1019 3865 1070 3929 vel
1092 3866 1227 3929 nuntius
1248 3874 1346 3928 extra
1366 3864 1471 3929 ambi-

213 3980 281 4034 tum
309 3969 452 4053 predicti
483 3971 675 4033 monasterii
703 3970 746 4034 ad
772 3970 880 4034 dictas
908 3970 1108 4033 elemosinas
1135 3968 1341 4051 colligendas
1367 3978 1471 4031 trans-

213 4075 371 4138 mittatur.
426 4074 516 4137 Date
535 4095 594 4157 per
614 4094 750 4138 manum
774 4076 812 4138 R.
833 4075 875 4138 de
896 4072 1107 4156 War[aville]
1127 4073 1216 4155 apud
1239 4070 1491 4155 Lidingt[one]¹

212 4179 253 4241 n'i
270 4177 433 4242 kalendas
451 4178 596 4261 Augusti
613 4200 702 4242 anno
719 4179 934 4262 pontificatus
952 4179 1055 4241 nostri
1072 4178 1151 4241 xvii.

214 4522 252 4590 [Α
263 4523 420 4578 rclaxation
431 4524 599 4591 ospenance,
612 4523 679 4577 such
689 4540 722 4576 as
737 4524 799 4577 liud
806 4524 870 4577 been
878 4522 1004 4591 granted
1012 4522 1043 4574 in
1055 4540 1126 4587 1224,
1139 4527 1167 4575 to
1182 4522 1226 4575 all
1243 4521 1308 4574 wlco
1314 4522 1384 4589 give
1401 4519 1474 4572 nnis

275 4610 303 4658 to
318 4605 492 4673 Thrapstom
505 4604 620 4675 dn'dge,·
629 4606 702 4674 July
709 4623 752 4671 31,
766 4606 850 4674 md]

300 4717 379 4780 Pxo
400 4728 526 4779 poure
546 4730 597 4780 na
617 4715 1069 4782 mussona-Omnibus
1090 4724 1150 4779 etc.
1198 4713 1367 4798 Quoniam
1389 4713 1475 4776 inter

215 4840 313 4902 opera
329 4820 479 4883 caritatis
499 4830 572 4898 etc,
592 4820 644 4903 (ut
664 4841 765 4904 supra
783 4823 816 4885 in
842 4842 931 4885 anno
955 4841 1002 4883 xv
1027 4840 1132 4902 usque
1155 4868 1161 4881 .
1186 4868 1192 4881 .
1218 4817 1474 4899 >concedentes

215 4922 295 4988 hanc
312 4934 427 4988 nostre
446 4923 664 4988 relaxationis
683 4927 828 5008 gratiam
849 4946 907 5007 per
927 4924 1106 4987 triennium
1127 4922 1321 4986 duraturam
1343 4929 1377 4985 et
1398 4942 1473 5004 pro-

217 5024 366 5092 hibentes
382 5048 427 5091 ne
447 5029 585 5092 nuntius
601 5028 652 5093 vel
673 5029 862 5111 predicator
882 5049 959 5092 cum
979 5029 1042 5091 hiis
1063 5026 1180 5092 litteris
1202 5026 1323 5089 nostris
1343 5034 1474 5108 patent·
