3609 5642
314 523 361 602 88
657 523 792 603 Rotulz'
816 522 993 624 Hugonis
1019 523 1063 600 de
1090 523 1221 600 Welles

313 766 419 828 virum
437 764 593 827 idoneum
609 762 736 826 eisdem
753 763 786 825 in
800 774 969 845 pastorem
982 762 1165 825 secundum
1177 759 1351 823 dominum
1368 780 1489 822 creare.
1530 759 1568 821 ln

314 867 413 949 hujus
429 869 529 950 igitur
544 868 589 930 rei
605 867 844 942 testimonium,
860 867 921 930 has
937 867 1063 930 litteras
1080 886 1172 928 meas
1188 874 1342 947 patentes
1358 863 1499 946 singulis
1514 883 1571 926 eas

315 971 512 1055 inspecturis
528 972 728 1036 transmitto,
774 970 902 1035 Valete.

315 1119 419 1188 [Letter
440 1121 475 1188 os
498 1120 544 1173 the
571 1119 678 1188 Bishop
701 1126 728 1174 to
757 1121 881 1174 Wlliam
905 1121 939 1174 dc
961 1120 1040 1173 Bello
1062 1122 1159 1187 campo
1180 1119 1299 1186 recilr'ng
1320 1118 1383 1171 tluzt
1403 1117 1449 1170 the
1472 1117 1573 1184 Priory

380 1201 491 1269 having
506 1201 570 1256 been
589 1209 693 1256 vacant
710 1219 784 1257 more
802 1203 871 1256 than
889 1204 935 1256 six
952 1203 1068 1260 months.
1080 1202 1126 1254 the
1141 1202 1335 1270 appointment
1348 1200 1486 1254 devolved
1499 1204 1572 1268 upon

380 1284 446 1349 kim,
459 1285 505 1338 tlte
515 1285 627 1352 salop,
637 1285 698 1338 and
706 1285 741 1338 Ire
751 1286 927 1354 accordingly
937 1284 1146 1338 recommended
1154 1284 1200 1337 the
1209 1285 1404 1352 appointnoent
1413 1282 1529 1352 ofJolrn
1539 1282 1573 1334 de

383 1367 489 1435 Calua]

404 1485 515 1568 Hug0‚
537 1484 590 1548 dei
613 1487 721 1568 gratia
745 1485 988 1549 Lincolniensis
1014 1485 1210 1566 Episcopus,
1233 1485 1357 1548 dilecto
1380 1485 1412 1546 in
1438 1483 1571 1547 Christo

316 1588 384 1652 filio
399 1600 433 1652 et
448 1589 557 1651 amico
573 1587 757 1665 karissimo,
768 1588 907 1651 domino
924 1588 1094 1651 Willelmo
1110 1588 1152 1651 de
1170 1588 1263 1650 Bello
1279 1609 1409 1670 campo,
1421 1589 1572 1663 salutem,

292 1687 374 1756 ‘eto
425 1693 510 1757 Cum
541 1692 706 1756 ordinatio
737 1695 902 1775 prioratus
933 1692 976 1755 de
1005 1692 1186 1773 Neuporte,
1214 1711 1273 1774 per
1295 1713 1357 1754 sex
1383 1711 1515 1754 menses
1536 1701 1570 1754 et

314 1797 457 1878 amplius
474 1797 631 1872 vacantis,
644 1795 745 1877 juxta
760 1806 886 1859 statuta
901 1795 1031 1858 concilii
1044 1795 1087 1858 ad
1105 1816 1166 1858 nos
1182 1795 1243 1858 hac
1259 1797 1332 1858 vice
1344 1795 1387 1859 sit
1403 1795 1570 1869 devoluta,

315 1919 376 1962 nos
391 1898 500 1962 eidem
516 1899 631 1962 domui
655 1910 795 1982 paterna
817 1898 1040 1962 sollicitudine
1061 1899 1161 1980 juxta
1178 1900 1280 1962 nostri
1304 1899 1457 1962 debitum
1474 1898 1571 1962 officii

319 2004 507 2085 prospicere
523 2003 704 2086 cupientes
722 2004 830 2086 ipsum
849 2004 1032 2086 prioratum
1056 2003 1201 2084 Johanni
1217 2002 1260 2066 de
1276 2002 1392 2078 Colna,
1408 2002 1573 2066 monacho

316 2105 573 2190 Spaudingensi,
588 2107 659 2169 viro
674 2107 809 2189 quidem
827 2107 978 2181 honesto,
994 2106 1135 2189 provido
1150 2118 1185 2169 et
1204 2107 1358 2182 discreto,
1374 2109 1572 2171 auctoritate

315 2211 455 2283 concilii,
471 2210 681 2274 contulimus.
727 2210 799 2273 Vos
812 2220 924 2273 autem
937 2211 1182 2273 ordinationem
1197 2210 1392 2291 predictam,
1408 2220 1571 2293 quantum

315 2315 347 2376 in
364 2314 458 2378 vobis
474 2323 533 2392 est,
542 2315 684 2396 gratiam
702 2314 863 2377 habentes
878 2323 913 2377 et
928 2322 1112 2396 acceptam,
1122 2313 1267 2376 eundem
1283 2314 1482 2395 Johannem,
1495 2334 1571 2376 cum

314 2416 357 2480 ad
374 2438 442 2494 vos,
458 2427 618 2500 tanquam
636 2416 677 2481 ad
703 2428 881 2499 patronum
905 2417 1056 2498 ejusdem
1081 2417 1202 2480 domus
1217 2418 1354 2494 venerit,
1371 2417 1522 2481 habeatis
1545 2418 1572 2480 si

315 2521 425 2604 placet
440 2521 722 2584 commendatum.
769 2520 897 2584 Valete.

314 2669 417 2737 [Letter
424 2669 460 2737 os
466 2669 511 2722 rte
519 2670 625 2737 Bishop
632 2676 659 2722 to
668 2669 713 2723 tlte
719 2671 932 2738 Sub-priorand
943 2671 1109 2739 Conventof
1115 2671 1252 2738 Newpm
1258 2671 1384 2740 Pugnell
1392 2673 1574 2740 announcr'ng

379 2751 424 2803 tlre
435 2751 627 2818 appor'tttment
636 2754 671 2820 os
671 2752 750 2818 John
761 2752 795 2804 de
808 2753 894 2805 Colna
906 2768 938 2805 as
949 2752 1054 2820 Paron]

404 2862 516 2945 Hugo,
539 2863 593 2926 dei
616 2865 731 2945 gratia,
754 2874 825 2939 etc,
849 2863 1022 2946 Suppriori
1053 2874 1086 2927 et
1113 2865 1292 2927 conventui
1323 2863 1366 2928 de
1392 2865 1573 2947 Neuporte,

315 2966 466 3042 salutem,
492 2976 553 3030 etc.
599 2966 684 3030 Cum
711 2977 822 3031 voster
847 2967 1012 3049 prioratus
1043 2966 1086 3029 de
1118 2966 1291 3050 Neuporte
1319 2966 1390 3049 jam
1422 2989 1481 3050 per
1510 2989 1571 3032 sex

316 3089 447 3132 menses
459 3071 625 3134 vacaverit
638 3080 672 3134 et
682 3071 834 3154 amplius,
846 3080 880 3133 et
892 3070 1058 3133 ordinatio
1073 3069 1224 3151 ejusdem
1241 3072 1285 3135 ad
1297 3091 1358 3134 nos
1371 3093 1430 3154 per
1442 3073 1571 3154 lapsum

315 3175 475 3256 temporis
498 3175 681 3239 secundum
706 3185 832 3239 statuta
849 3175 988 3239 Concilii
1012 3175 1055 3238 sit
1075 3175 1136 3238 hac
1152 3177 1223 3239 vice
1239 3175 1406 3254 devoluta,
1422 3177 1572 3241 nolentes

314 3276 405 3359 quod
421 3276 546 3342 diutius
562 3299 639 3342 cura
655 3279 750 3342 vobis
765 3278 853 3342 desit
869 3278 1054 3361 pastoralis,
1070 3279 1179 3360 ipsum
1197 3281 1379 3362 prioratum
1395 3280 1519 3344 dilecto
1538 3282 1572 3344 in

316 3381 450 3446 Christo
466 3381 542 3458 filio,
557 3382 702 3463 Johanni
719 3383 761 3446 de
778 3382 893 3459 Colna,
910 3382 1076 3445 monacho
1093 3382 1338 3466 Spaldingensi,
1354 3385 1425 3447 viro
1436 3384 1570 3466 quidem

315 3485 414 3561 bonn,
441 3485 590 3568 provido
614 3487 698 3550 sicut
721 3485 874 3561 creditur,
897 3507 936 3548 ac
960 3485 1110 3561 honesto,
1126 3487 1325 3550 auctoritate
1347 3488 1478 3550 concilii
1494 3509 1571 3550 con-

315 3588 452 3652 tulimus
476 3589 585 3671 ipsum
602 3589 696 3652 vobis
719 3590 753 3651 in
777 3589 921 3671 priorem
945 3599 978 3652 et
1002 3598 1130 3672 patrem
1147 3589 1265 3654 eadem
1283 3591 1482 3654 auctoritate
1498 3611 1571 3674 pre-

317 3692 475 3769 ficientes,
491 3692 585 3755 vobis
609 3694 709 3774 igitur
732 3693 932 3756 mandamus
954 3693 1091 3756 firmiter
1114 3693 1326 3776 injungentes
1349 3694 1440 3777 quod
1463 3695 1571 3759 eidem

318 3797 464 3878 Johanni
488 3806 648 3879 tanquam
666 3798 750 3879 patri
767 3809 801 3860 et
822 3798 921 3879 priori
938 3810 1057 3874 vestr0,
1072 3809 1142 3860 tam
1167 3799 1199 3861 in
1223 3798 1449 3880 spiritualibus
1471 3820 1572 3882 quam

318 3901 350 3962 in
369 3900 618 3983 temporalibus
635 3901 846 3965 intendentes
863 3901 935 3963 sitis
950 3911 984 3964 et
1000 3901 1202 3965 obedientes
1248 3901 1377 3965 Valete.

317 4049 464 4118 [Letterof
475 4050 521 4103 the
538 4050 644 4118 Brlrhop
655 4057 682 4104 to
692 4051 738 4105 the
754 4050 932 4104 Archdeacon
948 4052 984 4119 os
996 4051 1194 4119 Buckinglram
1210 4051 1348 4119 directing
1367 4052 1427 4103 him
1447 4057 1474 4104 to
1488 4053 1576 4106 iuslal

374 4132 455 4198 Jolm
465 4133 499 4186 de
512 4133 598 4185 colna
609 4148 641 4184 as
653 4132 757 4202 Prion]

406 4242 518 4324 Hug0‚
533 4243 586 4307 dei
602 4244 710 4326 gratia
731 4243 831 4326 [etc.],
846 4243 1093 4308 Archidiacono
1110 4243 1408 4326 Bukinghamiensi
1421 4246 1572 4322 salutem,

316 4357 377 4410 ete.
423 4345 508 4409 Cum
541 4366 601 4408 nos
627 4348 807 4428 prioratum
839 4347 881 4410 de
914 4348 1094 4430 Neuporte,
1123 4347 1194 4428 jam
1218 4368 1277 4430 per
1299 4369 1360 4411 sex
1385 4369 1516 4413 menses
1538 4359 1572 4413 et

317 4449 461 4532 amplius
485 4462 669 4526 vacantem,
686 4450 727 4514 de
754 4451 892 4513 consilio
919 4452 1063 4514 virorum
1093 4450 1296 4534 prudentum
1324 4463 1358 4516 et
1382 4454 1572 4534 peritorum,

316 4552 514 4616 auctoritate
530 4553 670 4630 concilii,
685 4553 887 4617 contulimus
910 4554 1033 4618 dilecto
1057 4555 1089 4617 in
1114 4554 1247 4619 Christo
1271 4554 1346 4632 filio,
1361 4555 1507 4638 Johanni
1530 4557 1573 4622 de

317 4656 432 4732 Colna,
449 4657 613 4720 monacho
630 4657 672 4719 de
689 4657 894 4740 Spaudinge,
912 4659 981 4720 viro
997 4658 1132 4740 quidem
1147 4659 1310 4741 religioso,
1323 4660 1409 4723 sicut
1420 4661 1573 4737 creditur,

317 4771 351 4824 et
367 4759 519 4836 discreto,
534 4760 629 4824 vobis
646 4760 846 4824 mandamus
863 4782 963 4843 quam
982 4763 1067 4824 circa
1092 4762 1195 4844 ipsius
1220 4764 1480 4827 installationem
1496 4785 1572 4829 cum

318 4865 432 4928 debita
454 4864 699 4947 solempnitate,
727 4875 825 4946 prout
853 4866 954 4927 moris
977 4877 1037 4943 est,
1060 4865 1256 4944 faciendam,
1279 4877 1314 4931 et
1336 4867 1401 4930 alia
1427 4889 1493 4950 que
1514 4891 1573 4933 vos

319 4970 528 5052 contingunt,
544 4970 634 5052 quod
651 4978 797 5033 vestrum
814 4977 865 5031 est
880 4969 1105 5050 exequamini.
