3609 5642
342 608 412 696 236
685 602 820 673 Rotulz'
842 600 1019 697 Hugonis
1045 600 1088 673 de
1124 597 1256 673 Wellts

341 842 490 924 Askeby‚
510 842 678 904 canonicis
701 842 1000 919 Lincolniensibus,
1023 843 1187 925 Magistro
1209 841 1338 905 Alardo
1357 841 1400 905 de
1419 840 1601 917 Arundell',

340 947 378 1011 G.
395 946 437 1011 de
463 948 567 1011 Moris
589 955 623 1009 et
647 946 821 1029 Stephano
844 946 887 1011 de
910 948 1067 1024 Castello‚
1083 948 1217 1011 clericis.
1266 946 1355 1010 Data
1380 968 1438 1029 per
1463 967 1599 1009 manum

341 1052 379 1113 R.
403 1051 446 1114 de
470 1050 659 1126 Waraville,
682 1052 834 1114 canonici
862 1051 1116 1127 LincolniensiS,
1139 1052 1229 1134 apud
1263 1050 1477 1134 Lidingtone,
1501 1052 1599 1113 nonis

339 1154 548 1236 Septembris
564 1154 778 1236 pontificatus
794 1156 898 1218 nostri
915 1176 1005 1218 anno
1023 1156 1093 1218 xxi.

339 1476 414 1543 [The
424 1472 579 1531 imtituttbn
590 1486 621 1545 os
630 1478 710 1544 John
720 1478 755 1530 de
771 1477 894 1531 Westous
905 1484 933 1531 to
943 1479 989 1533 tire
1005 1478 1105 1531 churclr
1126 1480 1161 1546 os
1176 1478 1376 1545 Colljweston,·
1393 1478 1468 1545 Sept.
1479 1496 1606 1545 5,12;o,·

403 1563 482 1628 step.
496 1561 566 1626 rja]

425 1662 841 1728 WESTONE.-Omnibus
856 1673 917 1727 etc.
966 1664 1107 1727 Noverit
1125 1664 1321 1728 universitas
1338 1673 1449 1727 vestra
1474 1684 1537 1727 nos
1560 1663 1603 1727 ad

339 1767 619 1849 presentationem
661 1768 747 1831 Petri
785 1768 829 1830 de
859 1767 1031 1843 Westone,
1064 1768 1188 1845 militis,
1219 1768 1351 1850 patroni
1390 1767 1531 1831 ecclesie
1562 1767 1604 1841 de

340 1872 509 1948 Westone,
539 1871 698 1935 dilectum
737 1872 770 1935 in
809 1871 944 1935 Christo
981 1870 1086 1935 filium
1117 1872 1308 1955 Johannem
1347 1872 1389 1936 de
1428 1873 1603 1948 Westone,

338 1976 503 2051 clericum,
519 1976 561 2039 ad
577 1976 719 2040 eandem
735 1976 912 2040 ecclesiam
928 1977 1105 2041 admisisse
1128 1977 1306 2059 ipsumque
1328 1978 1360 2040 in
1381 1998 1422 2041 ea
1442 1978 1604 2041 canonice

339 2099 515 2161 personam
532 2080 736 2156 instituisse;
760 2080 859 2142 salvis
875 2090 938 2143 etc.
985 2078 1086 2162 Quod
1105 2090 1141 2143 ut
1156 2090 1227 2156 etc,
1243 2081 1386 2145 testibus
1408 2090 1443 2144 et
1467 2080 1549 2145 data
1569 2092 1605 2144 ut

338 2204 439 2266 supra
455 2185 487 2245 in
507 2184 670 2265 proxima.

340 2420 413 2486 [Tire
423 2415 580 2567 iustitutrbp
598 2420 634 2488 os
650 2420 798 2473 Walterde
814 2420 1008 2488 Wermington
1024 2426 1052 2473 to
1068 2422 1114 2473 tlte
1131 2420 1232 2475 churct
1244 2422 1280 2490 of
1291 2422 1382 2489 Isltp,·
1399 2424 1472 2489 Sept.
1482 2440 1509 2487 5,
1525 2440 1607 2488 1230}

403 2518 446 2555 see
454 2505 485 2569 p.
499 2520 553 2567 151.

430 2604 757 2669 ismae—Omnibus
788 2617 849 2669 etc.
896 2606 1035 2669 Noverit
1073 2606 1271 2669 universitas
1309 2616 1419 2669 vestra
1461 2626 1523 2669 nos
1562 2608 1603 2669 ad

341 2709 622 2792 presentationem
654 2708 804 2771 Gervasii
835 2709 892 2772 filii
926 2709 1071 2785 Ricardi,
1096 2710 1226 2791 patroni
1258 2710 1398 2773 ecclesie
1428 2708 1472 2772 de
1506 2709 1604 2791 islep,

340 2812 499 2875 dilectum
524 2812 557 2874 in
585 2812 718 2876 Christo
743 2812 847 2876 filium
873 2813 1060 2877 Walterum
1086 2814 1129 2877 de
1156 2813 1422 2896 Wermiugtone,
1436 2813 1604 2887 clericum,

340 2914 383 2979 ad
399 2915 542 2979 eandem
558 2916 732 2980 ecclesiam
750 2917 926 2981 admisisse
943 2918 1122 3000 ipsumque
1138 2918 1169 2980 in
1186 2938 1226 2980 ea
1242 2918 1402 2981 canonice
1426 2936 1602 3000 personam

342 3021 546 3097 instituisse,
570 3020 672 3083 salvis
691 3031 751 3085 etc.
798 3021 899 3103 Quod
923 3031 958 3083 ut
978 3032 1049 3097 etc,
1071 3022 1212 3085 testibus
1232 3032 1267 3085 et
1286 3021 1367 3085 data
1388 3032 1422 3085 ut
1442 3042 1543 3103 supra
1571 3023 1602 3084 in

341 3123 497 3189 secunda.

340 3368 413 3433 [The
431 3369 590 3421 institution
608 3370 644 3435 of
660 3368 786 3421 Willrbm
804 3368 891 3422 Poeta
910 3373 938 3421 to
956 3369 1000 3421 tire
1019 3370 1151 3437 vz'carage
1170 3369 1205 3436 os
1217 3370 1257 3421 St.
1277 3368 1358 3432 Giles,
1374 3368 1603 3437 n'ortnamptorn·

405 3450 480 3517 Sept.
494 3468 531 3513 ιι,
546 3466 625 3516 123ο;
643 3466 687 3503 see
693 3453 724 3517 p.
738 3451 805 3519 15²]

431 3552 616 3616 Ecctssm
646 3551 789 3616 Sancn
818 3552 946 3615 Eumn
975 3552 1512 3617 Nommnmonra-Omnibus
1543 3563 1603 3616 ete

344 3656 482 3719 Noverit
519 3656 717 3719 universitas
755 3666 882 3718 vestra⁴
903 3676 964 3719 nos
1002 3655 1044 3718 ad
1084 3657 1366 3737 presentationem
1405 3656 1602 3719 dilectorum

342 3760 495 3837 filiorum,
512 3760 634 3823 Prioris
649 3770 683 3823 et
707 3770 892 3823 conventus
916 3761 1022 3824 sancti
1040 3759 1176 3824 Andree
1202 3760 1477 3843 Norhamptonie,
1493 3771 1604 3843 patro-

343 3884 461 3926 norum
484 3864 624 3927 ecclesie
647 3864 754 3927 sancti
779 3864 892 3946 Egidii
922 3863 1200 3946 Norhamptonie,
1222 3864 1381 3928 dilectum
1414 3864 1445 3928 in
1471 3864 1606 3929 Christo

342 3967 446 4032 filium
472 3967 672 4051 Magistrum
697 3967 906 4031 Willelmum
933 3969 1081 4045 Poetam,
1102 3968 1323 4050 capellanum,
1339 3966 1381 4029 ad
1406 3978 1604 4050 perpetuam

341 4069 492 4151 ejusdem
516 4070 655 4134 ecclesie
675 4071 831 4134 vicariam
850 4071 1036 4147 admisisse,
1053 4073 1228 4153 ipsumque
1251 4072 1282 4134 in
1303 4071 1422 4134 eadem
1444 4072 1605 4135 canonice

342 4174 501 4237 vicarium
522 4188 719 4256 perpetuum
736 4176 920 4239 instituisse
940 4196 1016 4238 cum
1038 4196 1139 4239 onere
1159 4175 1367 4239 ministrandi
1388 4174 1606 4258 personaliter

343 4279 375 4340 in
392 4276 519 4341 eadem.
567 4278 718 4342 Habebit
733 4289 845 4343 autem
863 4280 952 4343 idem
970 4280 1110 4343 vicarius
1127 4280 1263 4344 nomine
1279 4278 1399 4342 vicarie
1414 4299 1474 4341 sue
1496 4289 1604 4341 totam

343 4381 433 4444 illam
464 4381 640 4445 ecclesiam
672 4381 844 4446 reddendo
875 4382 954 4446 inde
984 4382 1082 4463 dictis
1117 4382 1289 4446 monachis
1319 4381 1436 4445 decem
1475 4402 1606 4445 marcas

342 4506 479 4560 annuas,
494 4506 577 4567 quas
592 4484 768 4549 decadem
791 4486 960 4569 percipere
981 4496 1247 4563 consueverunt;
1271 4485 1370 4549 salvis
1394 4495 1454 4549 etc.
1502 4484 1604 4568 Quod

342 4600 380 4653 ut
394 4598 465 4665 etc,
480 4589 622 4652 testibus
637 4599 671 4653 et
687 4589 768 4653 data
783 4598 820 4653 ut
835 4610 937 4672 supra
953 4589 986 4652 in
1003 4590 1109 4653 tertia.

342 4859 414 4924 [Tlu
431 4859 587 4913 institution
604 4861 639 4929 of
651 4860 731 4926 John
753 4860 787 4913 de
808 4859 977 4913 Thoracestr‘
995 4867 1022 4913 to
1043 4861 1088 4913 the
1110 4860 1241 4928 vicarage
1260 4860 1295 4929 os
1318 4858 1435 4913 Weedon
1458 4858 1607 4928 Pinkney,·

407 4942 480 5011 Sept.
493 4960 531 5003 ιι,
545 4959 629 5008 1230‚·
645 4957 687 4995 see
693 4944 725 5009 p.
739 4944 808 5009 153]

430 5044 830 5110 WEDONE.—Omnibus
850 5054 912 5108 etc.
969 5044 1108 5108 Noverit
1131 5043 1326 5107 universitas
1349 5052 1459 5107 vestra
1478 5063 1540 5106 nos
1562 5042 1604 5107 ad
