3609 5642
362 536 432 600 228
711 529 847 603 Ratun·
865 528 1037 624 Hugonz's
1062 529 1105 601 de
1132 528 1263 601 Welles

448 769 516 852 [On
530 770 583 833 tlte
596 769 689 833 dorse
699 769 768 852 .·—]

361 904 398 971 [Α
410 903 566 955 relaxation
577 903 614 970 of
624 902 741 955 ttz'rteen
758 902 827 971 drys
837 903 873 970 os
879 906 1004 969 penante
1015 907 1042 953 to
1058 900 1101 953 all
1117 901 1181 953 tulto
1198 901 1267 953 arisit
1281 900 1342 952 ond
1353 902 1422 968 give
1438 900 1513 952 alms
1529 904 1556 951 to
1572 898 1615 951 the

425 985 528 1052 ΜΨ
538 987 574 1054 os
581 985 744 1052 Daventty;
752 983 826 1052 July
838 1002 875 1046 11,
890 984 974 1051 resa]

449 1103 616 1168 Omnibus
652 1113 714 1167 etc.
776 1103 828 1166 De
859 1102 1084 1166 misericordia
1117 1102 1190 1178 Dei,
1217 1102 1360 1183 gloriose
1392 1100 1552 1182 Virginis,
1582 1110 1613 1163 ct

360 1209 510 1271 omnium
534 1218 724 1272 sanctorum
748 1207 874 1270 meritis
897 1217 931 1269 et
956 1206 1192 1269 intercessione
1219 1204 1436 1280 confidentes,
1459 1206 1613 1268 omnibus

360 1312 402 1375 de
422 1322 536 1375 nostra
555 1310 678 1375 diocesi
698 1321 732 1374 et
751 1310 832 1387 aliis,
852 1330 993 1393 quorum
1015 1309 1184 1372 diocesani
1207 1310 1292 1372 hanc
1314 1318 1462 1372 nostram
1486 1310 1613 1373 relaxa-

359 1418 484 1481 tionem
516 1427 623 1480 ratam
653 1416 838 1491 habuerint,
868 1415 911 1478 ad
951 1415 1189 1478 monasterium
1230 1414 1319 1476 beati
1359 1412 1542 1496 Augustini
1573 1414 1614 1477 de

360 1521 543 1585 Daventria
559 1521 768 1585 venientibus
783 1530 817 1585 et
833 1519 958 1583 ibidem
979 1519 1179 1583 elemosinas
1195 1538 1271 1581 suas
1289 1519 1342 1599 pie
1358 1517 1613 1590 conserentibus,

358 1624 518 1712 confessis
537 1634 571 1689 et
590 1645 665 1689 vere
684 1623 921 1707 penitentibus,
937 1622 979 1687 de
998 1622 1149 1703 injuncta
1167 1622 1229 1683 sibi
1255 1624 1440 1703 penitentia
1461 1624 1521 1686 xiii
1544 1622 1614 1685 dies

359 1728 558 1805 relaxamus,
587 1727 809 1791 concedentes
846 1728 933 1790 hanc
971 1736 1083 1789 nostre
1122 1726 1338 1789 relaxationis
1376 1727 1519 1809 gratiam
1557 1746 1615 1809 per

358 1834 536 1897 triennium
567 1832 770 1899 duraturam.
830 1831 1048 1894 Prohibemus
1079 1840 1191 1893 tamen
1222 1850 1265 1893 ne
1295 1850 1371 1892 cum
1403 1830 1467 1892 hiis
1498 1830 1614 1894 litteris

358 1938 480 2000 nostris
506 1936 699 2021 patentibus
725 1936 861 1998 nuntius
884 1934 1004 2016 aliquis
1029 1945 1087 1997 aut
1116 1934 1303 2016 predicator
1327 1946 1425 1997 extra
1448 1933 1613 1998 ambitum

358 2041 498 2125 predicti
541 2040 731 2105 monasterii
775 2039 1021 2103 transmittatur
1062 2039 1104 2102 ad
1144 2038 1344 2101 elemosinas
1385 2058 1614 2121 quascumque

357 2144 570 2228 colligendas.
626 2144 716 2207 Data
747 2164 805 2226 per
837 2162 974 2205 manum
1008 2141 1141 2205 Radulfi
1169 2140 1212 2204 de
1243 2141 1431 2217 Waraville‚
1462 2144 1612 2206 canonici

359 2249 611 2324 Lincolniensis,
635 2247 725 2331 apud
754 2246 903 2328 Kildeby
930 2246 1048 2329 quinto
1076 2245 1150 2307 idus
1175 2245 1252 2326 Julii
1282 2266 1370 2309 anno
1399 2246 1613 2327 pontificatus

358 2352 462 2415 nostri
478 2352 549 2414 xix.

923 2470 1052 2483 —n—-fl

358 2626 398 2692 [Α
415 2625 528 2677 similar
541 2624 695 2678 relaxation
717 2629 744 2677 to
761 2625 837 2677 those
857 2623 922 2676 who
939 2624 1087 2677 munitate
1111 2624 1234 2676 towards
1258 2624 1302 2675 rlae
1326 2624 1456 2689 huildr'rrg
1479 2624 1517 2691 ns
1533 2624 1616 2693 Srdllr

422 2706 522 2774 abbey,·
531 2707 604 2775 suly
614 2724 654 2771 24,
667 2707 752 2775 1228]

446 2827 614 2892 Omnibus
632 2836 694 2890 etc.
741 2828 794 2891 De
813 2828 1037 2891 misericordia
1055 2827 1129 2900 Dei,
1145 2826 1289 2906 gloriose
1306 2826 1442 2906 virginis
1461 2826 1568 2889 Marie
1582 2836 1614 2889 et

357 2932 508 2995 omnium
532 2940 723 2994 sanctorum
748 2932 874 2994 meritis
897 2929 1116 3006 confidentes,
1145 2929 1301 2992 omnibus
1324 2939 1385 2992 etc.
1416 2929 1458 2992 ad
1484 2950 1613 2992 monas-

357 3036 476 3098 terium
508 3034 550 3097 de
581 3035 709 3117 Suleby
740 3035 949 3098 venientibus
988 3046 1022 3097 et
1060 3034 1101 3097 ad
1142 3034 1424 3097 constructionem
1463 3033 1611 3114 ejusdem

357 3140 558 3202 elemosinas
584 3160 662 3201 suas
687 3138 732 3201 ibi
764 3140 818 3220 pie
844 3137 1092 3202 conserentibus
1116 3149 1188 3213 etc,
1214 3148 1250 3200 ut
1277 3157 1384 3218 supra.
1442 3136 1531 3200 Date
1558 3158 1613 3220 per

359 3261 494 3304 manum
514 3241 646 3304 Radulfi
664 3242 707 3305 de
724 3242 912 3317 Waraville‚
924 3242 1074 3304 canonici
1093 3241 1345 3315 Lincolniensis,
1358 3239 1446 3322 apud
1466 3239 1613 3323 Kildeby

358 3345 476 3428 quinto
493 3345 567 3408 idus
582 3345 660 3427 Julii
678 3365 768 3408 anno
784 3346 997 3427 pontificatus
1013 3346 1116 3409 nostri
1136 3346 1205 3407 xix.

356 3723 428 3786 [The
436 3726 528 3790 grant
537 3723 596 3790 osa
607 3722 722 3791 chauny
732 3724 818 3777 atriu
833 3738 931 3775 manor
944 3722 1027 3777 horne
1043 3724 1079 3789 of
1091 3722 1186 3776 Neubo
1199 3727 1230 3777 in
1248 3724 1295 3777 the
1305 3723 1406 3791 parisis
1418 3724 1453 3791 os
1467 3724 1579 3792 Catesdv
1589 3730 1615 3777 lo

424 3804 498 3871 Ralf
503 3803 538 3856 de
548 3803 747 3857 Normanvilla
757 3804 819 3856 and
826 3805 861 3856 A.
874 3804 919 3856 his
930 3806 1004 3873 wasa,
1013 3811 1041 3857 to
1050 3805 1195 3856 ternu'nate
1203 3804 1378 3856 atherdeath
1386 3804 1475 3873 ,·Julv
1482 3824 1522 3869 ει,
1533 3807 1615 3873 read]

446 3923 615 3988 Omnibus
636 3934 698 3987 ete.
746 3924 885 3987 Noverit
909 3925 1107 3988 universitas
1131 3934 1241 3987 vestra
1263 3914 1452 4007 quodcum
1473 3925 1615 3989 dilectus

359 4029 391 4091 in
431 4027 565 4092 Christo
604 4026 768 4090 Radunus
804 4027 848 4090 de
886 4027 1118 4091 Normanvilla
1154 4027 1384 4091 confirmasset
1420 4027 1551 4093 dilectis
1583 4030 1614 4091 in

360 4132 502 4208 Christo,
531 4132 688 4195 Priorisse
714 4142 748 4195 et
776 4131 975 4193 monialibus
1007 4130 1049 4194 de
1082 4131 1241 4212 Katteby,
1268 4131 1441 4196 dimidiam
1469 4153 1614 4197 marcam

359 4256 505 4299 annuam
521 4235 564 4299 de
581 4234 773 4298 molendino
793 4234 835 4297 de
858 4234 1005 4298 Houteb'
1027 4236 1274 4318 percipiendam
1296 4238 1329 4299 in
1351 4248 1558 4319 perpetuum,
1574 4237 1615 4300 de

360 4359 426 4421 qua
443 4338 483 4401 A.
496 4358 583 4400 uxor
598 4338 670 4418 ejus
686 4337 825 4401 dederat
839 4338 966 4402 eisdem
984 4340 1017 4401 in
1034 4338 1138 4403 libera
1150 4340 1313 4404 viduitate
1329 4361 1388 4403 sua
1404 4360 1464 4403 sex
1482 4340 1616 4419 solidos,

360 4462 428 4505 uno
451 4441 551 4503 obolo
575 4443 693 4516 minus,
712 4452 746 4505 et
766 4453 883 4523 postea
906 4452 984 4505 octo
1007 4443 1162 4506 denarios
1186 4453 1219 4506 et
1240 4443 1387 4519 obolum,
1408 4453 1506 4525 prout
1526 4456 1616 4509 carte

361 4545 527 4608 dictorum
566 4544 605 4607 R.
635 4556 670 4607 et
709 4544 749 4607 A.
781 4565 883 4627 penes
921 4546 1027 4609 dictas
1066 4546 1227 4610 moniales
1266 4546 1447 4611 residentes
1485 4548 1615 4629 plenius

362 4658 534 4725 testantur,
558 4668 619 4710 nos
646 4647 688 4711 ad
719 4649 915 4729 petitionem
942 4670 1067 4725 eorum,
1092 4651 1332 4713 interveniente
1359 4670 1524 4713 consensu
1548 4650 1614 4715 dic-

362 4762 470 4817 tarum
492 4752 696 4829 monialium,
713 4763 927 4835 patronarum
949 4754 1087 4817 ecclesie
1105 4753 1149 4817 de
1166 4754 1327 4836 Katteby,
1346 4764 1380 4817 et
1395 4754 1559 4835 johannis
1575 4756 1616 4819 de

365 4855 531 4932 Haliden',
551 4855 725 4938 capellani,
743 4854 895 4937 ejusdem
915 4856 1055 4920 ecclesie
1076 4858 1197 4933 vicarii,
1217 4857 1380 4939 capellam
1401 4857 1449 4919 eis
1470 4857 1502 4919 in
1527 4860 1616 4922 curia

363 4958 486 5023 suade
510 4960 630 5024 Neubo
652 4971 686 5025 et
708 4962 891 5025 cantariam
917 4982 975 5045 per
998 4963 1208 5045 capellanum
1234 4964 1401 5047 proprium
1427 4964 1616 5045 sumptibus
