3609 5642
626 555 805 654 Episcopi
827 558 1114 636 Lz'ncolnz'ensis.
1446 576 1469 642 6
1473 594 1493 665 5

231 791 340 860 [Adam
350 792 385 845 de
396 793 559 861 Berkinges,
572 793 711 860 ckaplae'n,
715 795 866 862 presented
873 796 907 864 by
918 797 963 849 tlte
974 797 1076 851 Abiess
1086 800 1148 852 and
1161 800 1246 854 Nune
1261 806 1292 871 ο]
1311 803 1449 873 Barking,
1468 808 1493 859 is

298 875 550 942 institutedparsma
561 877 597 943 of
602 875 726 944 Slapton,
740 877 830 931 under
838 877 883 931 tlte
893 879 957 932 rule
967 881 1002 948 os
1008 880 1053 934 the
1067 881 1199 951 Canusii]

321 1029 692 1095 SLAPTONE.—Adam
724 1030 766 1095 de
799 1032 991 1115 Berkinges,
1022 1036 1247 1118 cappellanus,
1277 1050 1489 1120 presentatus

231 1154 292 1216 per
309 1133 527 1196 Abbatissam
548 1143 581 1196 et
602 1134 763 1198 moniales
779 1134 822 1199 de
843 1135 1046 1220 Berckinges
1067 1139 1110 1202 ad
1130 1140 1305 1208 ecclesiam
1325 1143 1368 1206 de
1393 1143 1490 1228 Slap-

231 1247 322 1315 tone,
352 1236 441 1300 sacta
470 1239 562 1319 prius
592 1237 807 1319 inquisitione
838 1259 897 1322 per
929 1240 984 1317 M,
1015 1241 1300 1308 Archidiaconum
1342 1246 1489 1332 Buking-

231 1341 449 1417 hamiensem,
465 1361 524 1424 per
538 1361 650 1423 quam,
664 1351 736 1418 etc,
751 1341 918 1405 admissus
938 1354 990 1407 est
1008 1347 1071 1408 sub
1092 1366 1179 1428 pena
1194 1348 1335 1426 concilii,
1350 1360 1384 1413 et
1400 1352 1433 1414 in
1449 1373 1490 1416 ea

230 1445 392 1509 canonice
429 1464 572 1527 persona
610 1445 791 1509 institutus.
839 1447 884 1511 Et
924 1448 1121 1512 mandatum
1159 1461 1210 1515 est
1247 1450 1339 1516 dicto
1370 1453 1489 1519 Archi-

229 1548 374 1612 diacono
395 1557 441 1624 ut,
457 1557 519 1612 etc.
1321 1556 1323 1559 ’

228 1853 346 1923 [Robeer.
359 1853 405 1906 the
415 1869 465 1906 son
476 1852 665 1921 effRandolplr
677 1853 711 1906 de
721 1854 810 1920 Lada,
823 1854 905 1916 clerk,
916 1856 1010 1910 whom
1021 1856 1067 1909 the
1077 1857 1191 1926 Bishop,
1204 1859 1238 1928 by
1248 1861 1389 1930 authon'ty
1400 1864 1488 1932 ostiae

247 1926 253 1939 '
295 1935 417 1999 Leunoi,
429 1935 545 1990 collated
557 1941 585 1988 to
596 1935 641 1989 the
651 1936 752 1990 chureii
763 1937 799 2004 of
808 1936 1010 2006 Chedde'ngton,
1021 1940 1091 1992 void
1098 1940 1184 2009 hythe
1192 1941 1275 1995 death
1286 1944 1323 2012 of
1333 1944 1381 2009 W..
1393 1960 1445 1999 son
1455 1947 1492 2015 of

294 2017 376 2081 Fulk,
389 2017 444 2070 late
455 2016 633 2070 Arciadeacon
644 2019 680 2086 os
686 2017 784 2083 Stowe,
796 2019 822 2070 is
832 2019 1089 2088 z'nsta'tutedparson
1105 2023 1217 2093 thereos,
1230 2024 1276 2077 the
1291 2025 1373 2094 right
1386 2028 1423 2096 of
1432 2043 1490 2096 any

288 2101 393 2167 patron
403 2099 486 2168 being
496 2100 643 2168 reservari]

316 2244 801 2310 CHEDINDONE.-Robertus
823 2246 910 2311 filius
942 2248 1100 2312 Randulfi
1131 2250 1174 2314 de
1205 2251 1311 2328 Luda,
1341 2254 1488 2332 clericuS,

227 2350 281 2412 cui
304 2349 461 2412 dominus
481 2349 678 2433 Episcopus,
693 2352 895 2426 auctoritate,
916 2351 1057 2416 Concilii
1080 2354 1230 2431 contulit,
1245 2355 1419 2420 ecclesiam
1444 2357 1487 2422 de

229 2451 458 2530 Chedindone‚
488 2464 608 2517 octavo
641 2454 720 2517 Idus
752 2454 919 2532 Octobris
943 2455 1032 2520 facta
1062 2458 1153 2539 prius
1184 2459 1398 2541 inquisitione
1427 2481 1487 2544 per

228 2556 417 2622 Officialem
457 2557 695 2621 Archidiaconi
734 2558 1060 2641 Bukinghamiensis,
1098 2581 1158 2643 per
1194 2582 1295 2644 quam
1334 2565 1486 2628 constitit

228 2661 337 2744 ipsam
354 2681 412 2744 per
428 2671 568 2726 mortem
587 2661 648 2738 W,
664 2662 721 2725 filii
740 2663 768 2725 F
770 2662 906 2740 ulconis,
921 2663 1092 2746 quondam
1111 2664 1348 2729 Archidiaconi
1373 2666 1487 2732 Stowe

227 2786 372 2842 vacasse,
388 2767 460 2829 sine
476 2766 749 2844 contradictione,
764 2787 855 2830 anno
871 2767 938 2831 fere
954 2767 1078 2850 elapso,
1093 2769 1136 2832 ad
1158 2769 1300 2834 eandem
1320 2771 1486 2836 admissus

227 2880 279 2933 est
294 2879 329 2932 et
352 2870 385 2932 in
408 2889 449 2933 ea
471 2871 632 2934 canonice
655 2890 798 2953 persona
821 2872 1013 2950 institutus;
1037 2873 1130 2935 salvo
1154 2874 1187 2936 in
1211 2886 1383 2956 posterum
1407 2897 1485 2940 vero

228 2984 370 3057 patrono
390 2974 464 3056 jure
482 2996 543 3037 suo
567 2996 642 3038 cum
666 2977 839 3040 vacaverit
887 2977 933 3039 Et
957 2976 1153 3040 mandatum
1169 2988 1221 3041 est
1238 2978 1486 3043 Archidiacono

227 3077 527 3162 Bukinghamiensi
544 3088 590 3156 ut,
605 3089 667 3143 etc.

226 3385 337 3455 [Haben
350 3386 483 3452 Haldein,
501 3389 537 3456 os
547 3387 687 3456 Banbuey,
706 3387 786 3453 clerk,
804 3388 898 3441 whom
916 3388 962 3441 the
977 3387 1085 3456 Bisiop
1100 3388 1219 3442 collated
1231 3393 1259 3442 to
1275 3389 1321 3442 the
1337 3389 1438 3444 caurch
1454 3391 1491 3459 of

294 3469 423 3523 Grenrion
437 3470 615 3536 Underwood,
626 3471 650 3523 is
660 3470 807 3524 imtituted
809 3473 919 3538 parson
928 3471 1039 3540 thereos,
1049 3470 1095 3524 liae
1103 3471 1184 3540 n'gltt
1189 3472 1226 3540 of
1228 3489 1284 3540 any
1285 3476 1391 3540 patron
1400 3473 1484 3542 being

289 3552 424 3613 received,
435 3553 497 3606 and
504 3552 564 3605 also
575 3552 620 3606 the
631 3552 711 3621 nieht
719 3552 834 3620 osJolm
845 3553 891 3606 the
901 3555 982 3606 vicar
990 3558 1017 3606 to
1028 3553 1073 3605 his
1079 3553 1228 3620 perpetual
1238 3555 1374 3622 oicarage,
1383 3555 1486 3623 sufflet

290 3637 318 3686 to
327 3649 346 3685 a
351 3635 470 3701 pensioa
482 3635 518 3703 of
523 3653 540 3686 2
551 3635 685 3688 maristo
695 3635 800 3689 Robert.
838 3635 896 3688 The
907 3635 1007 3689 churcla
1019 3635 1079 3687 had
1086 3635 1150 3689 been
1161 3640 1265 3690 vacant
1273 3641 1305 3687 at
1313 3636 1384 3689 least
1392 3653 1411 3688 a
1412 3652 1487 3705 year

290 3716 472 3786 amaeam

313 3868 780 3935 GRENEDONE.—Robertus
809 3870 957 3935 Haldein
981 3871 1024 3934 de
1051 3870 1240 3948 Bannebiri,
1261 3871 1408 3950 clericus,
1428 3872 1482 3936 cui

224 3971 382 4036 dominus
414 3974 603 4056 Episcopus
640 3976 839 4039 auctoritate
876 3974 1007 4038 concilii
1046 3974 1189 4039 contulit
1225 3975 1400 4039 ecclesiam
1438 3976 1482 4040 de

225 4075 435 4155 Grenedone,
458 4078 501 4141 ad
524 4078 666 4142 eandem
690 4078 856 4142 admissus
879 4091 940 4153 est,
962 4089 997 4142 et
1019 4080 1053 4142 in
1079 4098 1120 4141 ea
1149 4079 1309 4143 canonice
1339 4099 1481 4161 persona

224 4181 421 4259 institutus;
444 4182 538 4246 salvo
564 4184 597 4245 in
625 4194 796 4266 posterum
823 4204 902 4247 vero
927 4193 1069 4266 patrono
1097 4182 1171 4263 jure
1201 4203 1261 4245 suo
1291 4203 1367 4246 cum
1398 4184 1480 4247 alias

224 4284 332 4366 ipsam
360 4305 478 4348 vacare
503 4287 688 4370 contigerit
735 4287 835 4353 Salva
863 4287 965 4350 etiam
988 4286 1144 4369 Johanni,
1164 4286 1296 4362 vicari0,
1320 4297 1480 4370 perpetua

225 4388 346 4450 vicaria
362 4409 421 4452 sua
437 4409 538 4471 quarn
555 4390 656 4454 habet
669 4391 702 4453 in
717 4390 846 4467 eadem,
856 4390 913 4472 qui
930 4399 1036 4453 totam
1054 4388 1144 4452 illam
1161 4388 1335 4453 ecclesiam
1351 4390 1480 4456 tenebit

223 4491 468 4574 quoadvixerit,
491 4493 663 4558 reddendo
685 4495 763 4558 inde
786 4494 877 4558 dicto
901 4494 1051 4557 Roberto
1074 4502 1109 4557 et
1134 4493 1379 4556 successoribus
1402 4495 1480 4569 suis,

223 4595 374 4678 ejusdem
396 4597 534 4663 ecclesie
556 4600 714 4682 personis,
737 4599 821 4663 duas
846 4619 974 4662 marcas
994 4617 1122 4661 annuas
1141 4598 1277 4661 nomine
1300 4599 1478 4681 pensionis.

225 4701 271 4765 Et
302 4701 489 4782 injunctum
513 4715 563 4767 est
588 4704 836 4768 Archidiacono
859 4703 1010 4786 predicto
1033 4713 1079 4779 ut,
1101 4712 1162 4765 etc.
1209 4701 1335 4767 Actum
1358 4712 1479 4766 octavo

227 4803 306 4867 ldus
338 4805 504 4884 Octobris,
527 4807 615 4871 sacta
642 4809 733 4891 prius
757 4807 971 4889 inquisitione
993 4826 1053 4888 per
1077 4804 1360 4869 Archidiaconum
1384 4827 1478 4889 sepe·

223 4907 361 4984 dictum,
376 4928 437 4991 pet
454 4930 553 4992 quam
579 4912 729 4975 constitit
753 4912 859 4997 ipsam
884 4929 1020 4974 vacasse
1043 4928 1132 4975 anno
1154 4908 1269 4994 elapso
1288 4919 1323 4972 et
1338 4909 1478 4973 dimidio

222 5011 265 5076 ad
283 5012 401 5077 minua

288 5119 360 5174 vor„
378 5121 414 5177 11.
1396 5133 1414 5176 e
