3609 5642
331 597 378 668 50
673 577 805 648 Rutuli
831 575 1006 670 Hugom's
1030 575 1075 647 de
1100 574 1233 646 Welles

328 826 525 880 ornamenta
549 827 583 881 et
607 817 708 881 libros
731 828 800 882 tam
827 817 982 881 monachi
1003 837 1105 899 quam
1126 816 1268 880 vicarius
1289 835 1349 897 pro
1374 814 1583 898 portionibus

329 920 397 982 suis
421 921 747 1003 proportionabiliter
762 920 941 986 conferent
988 920 1033 984 Et
1050 920 1246 984 mandatum
1262 929 1314 983 est
1331 918 1495 1001 Magistro
1510 917 1584 995 Th,

330 1021 473 1086 officiali
490 1023 726 1088 Archidiaconi
747 1024 1090 1107 Bukingehamiensis,
1105 1032 1143 1086 ut
1158 1023 1267 1105 ipsum
1283 1021 1462 1097 Thomam,
1477 1031 1537 1085 etc.

329 1205 469 1275 [Richard
481 1207 620 1275 chaptaira
632 1208 778 1262 r'nstr'tuted
789 1207 941 1278 perpetual
954 1209 1034 1261 vicar
1048 1213 1075 1260 to
1091 1207 1138 1260 tlte
1149 1206 1245 1274 newis
1255 1205 1393 1260 ordarned
1405 1206 1537 1274 mearage
1552 1207 1589 1274 os

394 1289 439 1341 tite
450 1289 550 1343 churctr
561 1291 597 1360 of
602 1291 725 1361 Lafford,
739 1291 828 1345 worth
840 1290 907 1359 dos]

418 1409 706 1475 Burmosrmu:
731 1408 1167 1486 Luaronus.-Ricardus,
1194 1408 1419 1492 cappellanus,
1449 1429 1583 1492 presen-

329 1521 419 1576 tatus
443 1533 503 1596 per
529 1514 728 1598 Magistrum
754 1514 792 1579 G.
818 1513 1003 1590 Gibbewin,
1018 1513 1061 1576 ad
1086 1513 1241 1576 vicariam
1264 1511 1405 1576 ecclesie
1427 1512 1471 1576 de
1492 1513 1581 1576 Lun-

330 1624 432 1702 sorde,
442 1647 507 1708 que
518 1636 570 1691 est
585 1627 762 1708 sexaginta
774 1626 966 1702 solidorum,
978 1624 1166 1688 ordinatam
1182 1624 1226 1687 de
1237 1644 1325 1687 novo
1337 1645 1396 1706 per
1407 1624 1581 1688 dominum

331 1728 547 1813 Episcopum,
569 1729 734 1794 admissus
763 1741 815 1794 est
844 1739 878 1793 et
909 1731 942 1792 in
973 1749 1013 1793 ea
1043 1729 1203 1792 canonice
1227 1728 1370 1791 vicarius
1401 1739 1582 1811 perpetuus

330 1833 508 1897 institutus
556 1834 601 1898 Et
617 1833 802 1916 injunctum
819 1843 871 1897 est
888 1832 1052 1915 Magistro
1075 1830 1308 1908 Th.‚›0fficiali
1333 1830 1583 1915 Bukingeham-

331 1935 422 2013 iensi,
436 1946 497 2000 etc.

329 2118 470 2187 [Wllr'am
486 2119 520 2174 de
534 2119 669 2189 Engelby,
683 2119 820 2188 chaplar'n,
837 2120 984 2174 instituted
992 2123 1099 2187 parson
1115 2119 1151 2188 of
1162 2118 1208 2171 tlte
1223 2118 1324 2172 clumh
1340 2119 1377 2188 of
1390 2117 1526 2187 Clsalfent
1541 2119 1583 2173 St.

396 2201 486 2265 Giles,·
497 2202 648 2270 presented
660 2201 693 2270 by
704 2201 750 2254 tte
766 2202 852 2255 Prior
865 2201 926 2254 and
942 2201 1068 2254 Convent
1081 2201 1117 2270 os
1123 2200 1270 2255 Bradwetl
1280 2201 1350 2254 wne
1367 2200 1412 2254 tite
1428 2205 1539 2254 oensent
1552 2201 1589 2270 of

399 2283 522 2336 Wlliam
534 2285 567 2338 de
575 2284 688 2352 Aubirey
695 2284 756 2337 and
764 2283 856 2337 Helar
864 2284 908 2336 his
919 2284 995 2353 mse.
1028 2283 1154 2336 Wllr'am
1165 2283 1199 2336 de
1206 2283 1310 2348 Nevitt,
1321 2284 1376 2336 late
1382 2287 1489 2351 parson
1500 2284 1584 2353 ostiu

392 2381 474 2430 sante,
487 2365 598 2434 having
608 2365 672 2418 been
684 2366 829 2418 instituted
841 2370 868 2419 to
880 2365 926 2418 tlte
936 2365 1037 2418 clrurctr
1048 2365 1084 2434 os
1090 2365 1281 2419 Bramtestone
1290 2366 1363 2418 sance
1374 2365 1420 2418 tte
1433 2365 1566 2436 Cornuti]

416 2485 702 2550 Burmosrmu:
727 2484 1239 2550 CHALFHUNTE.-Willelmus
1254 2485 1297 2549 de
1314 2485 1480 2569 Engelby,
1503 2507 1582 2570 cap

328 2589 488 2673 pellanus,
504 2599 714 2672 presentatus
731 2609 789 2671 per
813 2589 960 2652 Priorem
984 2597 1018 2651 et
1040 2597 1241 2651 conventum
1258 2587 1301 2652 de
1318 2588 1522 2652 Bradewelle
1537 2590 1581 2653 ad

326 2692 500 2757 ecclesiam
517 2692 560 2756 de
576 2692 763 2769 Chalfunte,
779 2692 822 2756 de
837 2711 1000 2755 consensu
1018 2691 1178 2754 Willelmi
1194 2691 1236 2755 de
1253 2690 1393 2774 Aubiny
1408 2704 1443 2758 et
1460 2693 1583 2770 Helar',

328 2796 443 2859 uxoris
466 2795 547 2878 ejus,
563 2795 733 2859 Willelmo
755 2795 799 2859 de
827 2795 967 2871 Neville,
989 2796 1160 2877 quondam
1192 2815 1333 2878 persona
1356 2795 1517 2878 ejusdem,
1547 2797 1581 2859 in

327 2899 502 2963 ecclesiam
524 2897 567 2962 de
590 2899 832 2974 Bramtestona,
850 2908 926 2981 post
949 2897 1135 2963 Concilium
1157 2898 1320 2976 instituto,
1343 2899 1509 2963 admissus
1530 2911 1583 2964 est

327 3013 362 3066 et
378 3003 410 3066 in
426 3022 467 3066 ea
482 3001 641 3065 canonice
665 3021 807 3084 persona
831 3003 1010 3064 institutus
1058 3002 1103 3065 Et
1127 3000 1323 3065 mandatum
1348 3013 1399 3066 est
1416 3003 1581 3085 Magistro

327 3106 400 3184 Th,
416 3105 561 3170 Officiali
579 3105 814 3170 Archidiaconi
834 3105 1177 3188 Bukingehamiensis,
1192 3116 1254 3170 etc.

328 3288 443 3358 [Simon.
456 3288 593 3357 stratilates,
610 3288 757 3342 instituted
765 3292 914 3358 perpetrent
927 3291 1007 3343 vicar
1023 3291 1059 3359 os
1079 3289 1208 3352 Walter&
1218 3288 1366 3357 presented
1382 3288 1415 3357 by
1434 3289 1480 3342 the
1497 3289 1587 3344 Pn'or

391 3371 827 3440 memmuungumue.
866 3371 1230 3429 numerumnunerum

416 3492 703 3556 Buroucsnm:
731 3491 1090 3567 warnos—Simon,
1117 3490 1341 3574 cappellanus,
1372 3501 1582 3573 presentatus

328 3618 387 3682 per
403 3596 550 3660 Priorem
574 3606 608 3659 et
631 3605 831 3658 conventum
856 3594 898 3657 de
924 3594 1122 3677 Longavilla
1145 3595 1187 3658 ad
1211 3605 1407 3677 perpetuam
1425 3595 1580 3658 vicariam

328 3703 360 3765 in
377 3699 516 3765 ecclesia
530 3699 574 3763 de
583 3697 759 3774 waldone,
775 3698 863 3761 facta
879 3697 970 3780 prius
987 3697 1201 3779 inquisitione
1216 3718 1275 3780 per
1292 3697 1492 3779 Magistrum
1509 3698 1571 3762 Th.

328 3803 514 3870 Officialem
540 3801 910 3884 Bukingehamiensem,
933 3822 992 3884 per
1015 3821 1125 3883 quam,
1141 3812 1211 3877 etc,
1228 3801 1393 3865 admissus
1415 3812 1467 3865 est
1489 3812 1524 3865 et
1547 3803 1581 3865 in

327 3929 368 3974 ea
397 3907 537 3972 vicarius
560 3915 739 3988 perpetuus
763 3905 942 3969 institutus
990 3904 1066 3988 Que
1082 3905 1233 3968 consistit
1256 3925 1315 3987 per
1335 3906 1580 3970 ordinationem

331 4012 504 4126 Episcopiv
516 4010 637 4073 factam
653 4010 696 4074 de
712 4030 875 4073 consensu
893 4011 1014 4073 Prioris
1030 4019 1064 4074 et
1080 4019 1272 4086 conventus,
1285 4010 1318 4072 in
1334 4010 1490 4074 omnibus
1507 4031 1581 4094 pro-

328 4117 482 4183 ventibus
509 4114 622 4178 altaris
650 4134 724 4177 cum
750 4115 887 4177 minutis
910 4114 1049 4178 decimis
1072 4114 1237 4187 omnibus
1253 4125 1322 4179 tam
1346 4115 1389 4178 de
1411 4114 1581 4179 dominico

330 4217 505 4303 Comlitis]
540 4237 641 4299 quam
673 4217 715 4280 de
746 4228 817 4281 tota
847 4219 1029 4301 parrochia
1076 4218 1122 4282 Et
1144 4219 1252 4281 solvet
1276 4219 1418 4282 vicarius
1448 4229 1580 4283 tantum

329 4321 502 4397 sinodalia,
513 4320 667 4385 monachi
684 4332 796 4384 autem
813 4323 995 4405 hospitium
1009 4322 1246 4386 Archidiaconi
1263 4323 1497 4404 procurabunt
1536 4322 1582 4387 Et

331 4425 526 4490 mandatum
543 4433 594 4487 est
610 4423 754 4488 Officiali
772 4424 1008 4490 Archidiaconi
1027 4424 1362 4509 Bukingehamiensis
1382 4426 1482 4508 quod,
1497 4435 1559 4490 etc.

330 4613 450 4683 [Reinen
466 4610 605 4676 chartaria,
622 4611 766 4665 instituted
785 4619 812 4666 to
834 4613 879 4666 tire
898 4613 1046 4682 perpetual
1058 4614 1189 4682 vicarage
1205 4613 1242 4682 os
1257 4613 1369 4681 Upton,·
1385 4612 1534 4679 presented
1549 4613 1583 4682 by

396 4695 442 4749 the
451 4693 605 4748 Pnirrand
615 4693 909 4765 ConventosMeeton.
946 4697 1004 4751 Tire
1013 4696 1201 4751 endoruments
1210 4696 1247 4765 of
1252 4696 1298 4749 rue
1308 4696 1439 4764 vr'carage
1448 4700 1490 4750 set
1498 4695 1566 4765 out]

419 4815 703 4879 BUKINGEHAM:
735 4813 1098 4894 UPTON.—Reinerus,
1124 4815 1350 4898 cappellanus,
1372 4824 1583 4898 presentatus

331 4941 390 5004 per
413 4919 559 4983 Priorem
575 4928 609 4982 et
625 4929 825 4983 conventum
839 4920 882 4983 de
899 4921 1073 4985 Meretone
1094 4920 1138 4984 ad
1155 4931 1350 5004 perpetuam
1367 4919 1523 4983 vicariam
1538 4920 1583 4984 de

334 5024 481 5108 Uptone,
491 5021 679 5085 ordinatam
696 5023 894 5089 auctoritate
910 5023 1060 5106 Concilii,
1073 5026 1160 5089 sacta
1175 5026 1277 5088 etiam
1294 5022 1509 5106 inquisitione
1524 5044 1584 5107 per
