3609 5642
620 558 1096 658 Episcopz'Lincolm'ensis,
1448 588 1490 657 91

237 822 351 884 quam,
366 811 437 878 etc,
452 802 495 865 ad
511 801 653 866 eandem
673 803 847 865 ecclesiam
864 802 1031 866 admissus
1046 814 1106 880 est,
1128 813 1190 866 etc.
1237 805 1282 868 Et
1299 805 1496 869 mandatum

238 916 291 970 est
305 905 416 970 eidem
428 906 676 970 Archidiacono
692 916 737 983 ut,
749 917 810 970 etc.
858 907 903 970 Et
920 907 1106 988 injunctum
1123 917 1174 970 est
1189 907 1298 971 eidem
1317 908 1506 973 Laurentio·

237 1011 330 1092 quod
346 1012 454 1074 scolas
470 1011 658 1093 frequentet
673 1021 707 1075 et
722 1011 882 1076 addiscat.

237 1181 385 1249 [Nr'ctrotas
396 1181 430 1234 de
446 1180 623 1242 Blattintone,
636 1181 774 1249 chaptain,
786 1197 822 1234 on
839 1182 885 1234 the
896 1183 1086 1248 presentation
1103 1183 1139 1248 of
1150 1183 1196 1235 tte
1212 1182 1339 1236 Prt'oress
1350 1183 1410 1235 and
1429 1185 1498 1237 Cou-

303 1266 415 1332 ventos
424 1265 541 1332 Gortng,
553 1265 578 1316 is
588 1265 734 1318 instituted
743 1269 771 1317 to
782 1266 827 1317 the
837 1264 937 1317 church
949 1265 985 1332 of
997 1265 1124 1319 Moutsoe
1134 1282 1167 1317 as
1177 1267 1261 1318 vicar.
1295 1266 1322 1318 A
1334 1268 1453 1333 pension
1469 1268 1505 1335 of

302 1347 357 1398 όοτ.
368 1347 393 1398 is
403 1345 533 1399 reservet
540 1351 567 1398 to
578 1347 623 1399 tlte
634 1347 737 1415 Nune]

328 1458 754 1522 Murssu0.-Nich01aus
777 1458 820 1520 de
844 1458 1054 1534 Bladintone‚
1070 1458 1271 1539 capellanus,
1287 1470 1497 1541 presentatus

239 1581 297 1642 per
313 1561 506 1624 Priorissam
523 1572 557 1625 et
573 1572 775 1625 conventum
788 1561 831 1624 de
844 1561 1008 1643 Garinges
1024 1561 1066 1624 ad
1083 1562 1257 1625 ecclesiam
1274 1562 1317 1626 de
1335 1563 1499 1640 Mulesho‚

237 1663 327 1727 facta
356 1665 446 1748 prius
472 1666 685 1747 inquisitione
716 1687 774 1748 per
799 1665 984 1742 Matheum‚
1010 1665 1295 1729 Archidiaconum
1328 1666 1496 1750 Bucking-

237 1767 443 1831 hamiensem
460 1789 518 1851 per
534 1789 645 1852 quam,
660 1780 731 1846 etc,
747 1769 789 1832 ad
813 1768 956 1832 eandem
980 1768 1155 1832 ecclesiam
1171 1769 1339 1833 admissus
1354 1781 1405 1834 est
1420 1792 1497 1834 cum

236 1891 337 1934 onere
346 1881 380 1935 et
397 1893 483 1955 pena
495 1873 701 1950 vicariorum,
713 1884 784 1950 etc,
794 1873 876 1937 salvi
894 1873 972 1936 inde
987 1873 1085 1936 dictis
1102 1873 1303 1937 monialibus
1319 1875 1498 1957 sexaginta

236 1976 352 2041 solidis
367 1977 486 2040 annuis
502 1998 562 2060 per
578 1998 695 2040 manus
711 1977 792 2040 dicti
810 1977 841 2039 N
845 1977 964 2040 icholai
980 1987 1015 2040 et
1030 1999 1258 2041 successorum
1275 1999 1411 2041 suorum
1424 1999 1497 2061 per-

236 2079 409 2162 cipiendis,
424 2079 608 2144 secundum
630 2080 720 2163 quod
745 2082 777 2142 in
794 2090 886 2143 carta
901 2079 1030 2143 domini
1045 2091 1079 2144 et
1095 2081 1232 2163 capituli
1251 2081 1494 2147 Lincolniensis

237 2182 395 2267 predictis
416 2185 616 2248 monialibus
638 2183 715 2248 inde
735 2185 822 2248 lacta
841 2185 973 2266 plenius
989 2185 1185 2248 continetur.
1234 2186 1278 2250 Et
1299 2187 1496 2251 mandatum

234 2297 287 2351 est
303 2287 412 2351 eidem
430 2287 677 2352 Archidiacono
694 2300 738 2364 ut,
754 2298 814 2352 etc.

236 2457 324 2525 [Alan
331 2457 366 2511 de
373 2458 481 2527 Swaby‚
493 2458 631 2526 chaplm'a
637 2458 785 2525 presented
791 2459 823 2526 ty
833 2459 879 2510 the
887 2457 1040 2510 Priorand
1048 2458 1176 2512 Convent
1183 2460 1218 2527 of
1225 2459 1382 2527 Dunstaple
1388 2462 1413 2513 is
1419 2462 1498 2514 altsti-

300 2539 379 2592 tutett
387 2545 414 2592 to
426 2540 470 2593 the
481 2540 582 2592 churctt
594 2542 629 2609 of
637 2541 728 2593 North
742 2541 871 2594 Marstem
884 2541 955 2593 witta
967 2540 1012 2593 tlte
1022 2539 1126 2594 burden
1137 2541 1310 2610 aspersonal
1317 2543 1473 2608 renitente]

325 2643 833 2727 NORMERSTONE.-Magister
851 2644 981 2706 Alanus
997 2643 1040 2707 de
1057 2644 1189 2727 Swaby,
1205 2645 1407 2726 capellanus,
1423 2666 1496 2727 pre-

235 2758 386 2811 sentatus
403 2769 460 2830 per
478 2748 623 2811 Priorem
640 2757 674 2810 et
695 2758 897 2811 conventum
916 2749 1046 2811 Danest
1074 2799 1079 2809 .
1108 2798 1114 2810 .
1138 2798 1144 2811 .
1172 2799 1179 2811 .
1203 2748 1245 2812 ad
1262 2749 1436 2812 ecclesiam
1453 2747 1496 2811 de

236 2852 485 2928 Normerstone‚
509 2851 597 2916 iacta
620 2853 710 2934 prius
736 2853 949 2934 inquisitione
974 2873 1032 2934 per
1057 2852 1108 2928 A„
1131 2851 1414 2916 Archidiaconum
1437 2873 1497 2935 per

234 2976 346 3038 quam,
369 2965 439 3032 etc,
462 2955 504 3019 ad
528 2954 670 3018 eandem
694 2955 868 3019 ecclesiam
893 2955 1059 3018 admissus
1083 2965 1134 3018 est
1157 2966 1191 3019 et
1214 2957 1247 3018 in
1271 2977 1310 3019 ea
1333 2955 1493 3018 canonice

235 3080 377 3142 persona
392 3060 564 3123 institutus
580 3079 656 3123 cum
673 3080 773 3123 onere
795 3058 960 3122 residendi
982 3057 1105 3122 ibidem
1123 3059 1348 3142 personaliter.
1394 3058 1496 3125 Salva

233 3163 332 3226 dictis
349 3163 452 3226 Priori
468 3174 502 3227 et
517 3163 695 3226 conventui
718 3163 827 3245 gratia
850 3162 978 3225 domini
1002 3163 1150 3245 episcopi
1174 3164 1318 3245 siquam
1342 3164 1390 3227 eis
1413 3159 1492 3225 inde

235 3266 342 3330 iacere
358 3267 498 3330 voluerit
517 3265 559 3329 de
582 3286 745 3328 consensu
770 3265 907 3347 capituli
931 3265 990 3327 sui.
1037 3265 1083 3329 Et
1107 3265 1303 3329 mandatum
1326 3276 1378 3329 est
1401 3265 1492 3329 dicto

235 3368 484 3433 Archidiacono
500 3381 537 3432 ut
552 3368 679 3432 dictum
698 3369 893 3451 magistrum
911 3366 974 3430 sub
990 3365 1096 3430 forma
1112 3369 1272 3451 predicta,
1287 3380 1348 3433 etc.

239 3543 378 3611 [Geoffrey
385 3539 419 3592 de
430 3538 592 3608 Berkingea
605 3537 774 3598 sutaeacon.
786 3555 821 3591 on
830 3538 876 3591 tlte
882 3540 1072 3605 presentation
1083 3540 1119 3607 of
1130 3538 1176 3591 tlte
1187 3538 1278 3592 Abbot
1291 3541 1352 3594 and
1369 3541 1496 3597 Convent

298 3626 335 3694 of
345 3622 538 3682 Wcstminster‚
550 3623 575 3675 is
586 3620 731 3674 irotituted
745 3626 772 3673 to
782 3621 826 3674 tlte
838 3621 937 3674 churclt
950 3622 1131 3690 osnentam.
1169 3623 1308 3675 Comama
1318 3623 1495 3679 Lumbardus

299 3721 447 3760 renounces
457 3705 503 3758 his
513 3703 595 3756 claim
607 3709 634 3756 to
645 3703 691 3756 tlte
701 3703 823 3768 charete]

323 3807 715 3888 Desinant—Magister
728 3804 897 3870 Galfridus
908 3805 951 3868 de
965 3804 1157 3889 Berkinges‚
1169 3805 1403 3885 subdiaconus,
1417 3830 1489 3894 pre-

233 3922 385 3976 sentatus
396 3932 454 3993 per
464 3909 634 3973 Abbatem
648 3919 682 3972 et
691 3918 893 3972 conventum
905 3909 1299 3974 westmonasteriensem
1313 3909 1355 3973 ad
1369 3912 1491 3974 eccles-

235 4019 299 4080 iam
320 4015 363 4080 de
388 4014 554 4090 Denham,
570 4013 658 4076 sacta
672 4013 762 4095 prius
787 4013 1001 4093 inquisitione
1025 4034 1084 4096 per
1110 4013 1296 4090 Matbeum,
1318 4014 1493 4078 Archidia-

234 4141 356 4184 conum
374 4117 742 4200 Buckinghamiensem,
758 4126 791 4180 et
812 4115 965 4180 Comano
982 4116 1176 4180 Lumbardo
1191 4117 1417 4199 appellatione
1432 4138 1492 4181 sue

233 4245 294 4308 pro
310 4224 449 4288 ecclesia
465 4223 537 4304 ipsa
553 4221 643 4305 prius
660 4219 854 4302 interposite
869 4229 903 4283 et
919 4221 1010 4282 omni
1024 4219 1089 4302 juri
1105 4219 1195 4301 quod
1214 4221 1246 4282 in
1262 4220 1402 4284 ecclesia
1418 4222 1490 4305 ipsa

232 4328 351 4392 habuit
366 4328 417 4390 vel
438 4325 560 4389 habere
576 4325 752 4388 videbatur
775 4324 999 4400 renunciante,
1015 4343 1073 4406 per
1095 4344 1169 4405 que,
1184 4333 1256 4401 etc,
1279 4324 1322 4387 ad
1346 4324 1488 4387 eandem

232 4433 407 4498 ecclesiam
430 4429 596 4494 admissus
619 4439 670 4492 est
692 4428 802 4491 dictus
826 4427 1004 4503 Galfridus,
1034 4436 1095 4490 etc
1143 4428 1188 4491 Et
1219 4427 1415 4492 mandatum
1439 4437 1491 4492 est

233 4537 342 4602 eidem
361 4535 607 4599 Archidiacono
623 4541 669 4609 ut,
684 4541 744 4596 etc.

232 4707 321 4776 [Alan
336 4706 370 4760 da
392 4703 542 4770 Wycumbe,
560 4702 698 4770 chaplain,
710 4718 746 4756 on
762 4701 808 4754 tlte
821 4703 1010 4769 presmtatrbn
1028 4702 1064 4769 of
1077 4701 1123 4754 tlte
1137 4701 1227 4755 Attot
1240 4701 1302 4755 and
1320 4692 1496 4772 conventos

299 4791 385 4844 Great
394 4787 563 4846 Mrtsendeu,
576 4786 601 4838 is
612 4783 756 4838 tmtituted
765 4788 792 4837 to
803 4784 848 4836 the
856 4785 988 4852 vicarage
999 4783 1123 4852 timeſs]

320 4896 759 4964 MESSINDENE.—Alanus
782 4895 825 4958 de
848 4893 1046 4976 Wycumbe,
1062 4894 1262 4977 capellanus
1279 4904 1489 4976 presentatus

233 5027 291 5089 per
314 5007 486 5070 Abbatem
510 5012 544 5066 et
567 5011 769 5065 conventum
793 4999 835 5062 de
868 4999 1081 5064 Messindene
1104 4998 1147 5062 ad
1171 4999 1327 5063 vicariam
1350 4999 1489 5067 ecclesie
