3609 5642
614 569 794 678 Epdcopi
826 564 1109 655 lincolnienses
1441 591 1483 673 71

233 820 501 904 presentationis,
532 820 620 884 idem
653 819 840 884 Richardus
871 821 902 883 in
935 820 1053 884 eadem
1091 821 1182 884 curia
1207 821 1489 903 presentationem

233 945 330 988 suam
347 925 390 988 ad
413 923 555 988 eandem
579 924 754 988 ecclesiam
770 925 800 988 ei
824 925 952 987 remisit
974 934 1008 988 et
1031 925 1203 1000 concessit,
1220 945 1278 1006 per
1293 945 1405 1006 quam,
1420 934 1491 998 etc,

232 1029 278 1092 ad
301 1028 443 1092 eandem
467 1028 633 1094 admissus
656 1038 716 1105 est,
740 1038 800 1092 etc.
848 1028 950 1094 Salvo
971 1028 1045 1110 jure
1070 1029 1224 1110 Magistri
1246 1029 1284 1092 R.
1301 1029 1345 1092 de
1367 1028 1490 1113 Tinge-

233 1132 358 1210 hurste,
374 1133 400 1195 si
416 1132 507 1214 quod
520 1131 622 1196 habet
633 1130 765 1196 ibidem.
813 1132 858 1195 Et
874 1131 1062 1213 injunctum
1072 1143 1124 1195 est
1135 1133 1227 1196 dicto
1243 1132 1491 1196 Archidiacono

235 1237 383 1320 presenti
398 1246 444 1314 ut,
459 1245 519 1300 etc

234 1431 344 1501 [Roger
357 1431 391 1484 de
412 1431 555 1492 Wardone,
573 1429 711 1498 chaplatre,
725 1430 874 1498 presented
888 1430 922 1498 by
938 1428 1037 1498 Heney
1053 1430 1086 1483 de
1102 1430 1261 1494 Braibroch,
1279 1429 1387 1498 kne'gtlet,
1406 1436 1433 1484 to
1449 1430 1494 1483 tite

300 1512 400 1567 cteurclt
411 1514 446 1582 of
451 1511 627 1572 Hartman,
639 1513 665 1564 is
675 1511 821 1564 instituted
834 1512 943 1565 thereto.
983 1511 1024 1565 W.
1035 1511 1069 1564 de
1085 1512 1299 1580 Northampton,
1309 1513 1424 1581 already
1429 1517 1494 1582 pre·

301 1595 399 1658 sented,
412 1596 522 1664 resigns
532 1593 578 1648 his
588 1595 693 1661 claim]

327 1714 792 1796 HORSINDONE.—Rogerus
809 1713 851 1776 de
868 1713 1048 1791 Wardone,
1065 1714 1266 1797 capellanus,
1282 1723 1493 1796 presentatus

236 1839 296 1903 per
314 1817 498 1882 Henricum
511 1817 553 1881 de
571 1817 761 1895 Braibroch,
778 1818 928 1894 militem,
943 1818 986 1881 ad
1009 1819 1184 1881 ecclesiam
1200 1817 1243 1881 de
1262 1817 1494 1893 Horsendone,

236 1923 326 1987 facta
342 1923 432 2005 prius
448 1923 662 2005 inquisitione
686 1942 743 2004 per
762 1921 816 1998 M,
833 1921 1117 1986 Archidiaconum
1144 1921 1494 2004 Bukinghamiensem,

235 2037 271 2091 et
300 2027 463 2110 Magistro
492 2025 542 2089 W.
571 2026 613 2089 de
642 2025 907 2108 Norhamptone,
934 2026 1024 2108 prius
1051 2025 1094 2088 ad
1124 2026 1267 2089 eandem
1295 2034 1495 2107 presentato,

236 2139 358 2214 sponte
374 2151 410 2193 se
425 2130 632 2206 absentante,
649 2148 710 2192 nec
733 2129 867 2191 volente
890 2127 1024 2192 admitti
1048 2139 1184 2211 propter
1206 2148 1291 2191 onus
1314 2148 1495 2204 annexum,

238 2234 328 2298 unde
351 2235 524 2317 negotium
548 2233 610 2296 fuit
633 2233 666 2294 in
693 2231 864 2314 expedit0,
892 2232 935 2295 ad
959 2232 1102 2296 eandem
1126 2253 1202 2295 cum
1228 2252 1328 2295 onere
1351 2242 1386 2295 et
1409 2252 1497 2314 pena

236 2339 435 2402 vicariorum
452 2337 618 2401 admissus
633 2345 769 2413 estete.
817 2337 863 2399 Et
877 2335 1066 2416 injunctum
1076 2347 1127 2400 est
1142 2336 1234 2400 dicto
1247 2335 1496 2400 Archidiacono

238 2452 286 2512 ut.
301 2453 362 2506 etc.

326 2545 382 2630 [sn
400 2545 453 2609 the
468 2545 599 2628 margin
614 2544 683 2628 :—]
702 2545 829 2610 Littere
845 2544 1111 2628 presentationis.

239 2739 345 2809 [Ratpt
355 2739 389 2794 de
402 2769 503 2805 --,
516 2739 686 2800 seth-deacorn
690 2739 839 2807 presented
847 2739 880 2809 by
891 2740 997 2808 Amery
1006 2738 1040 2793 de
1051 2739 1164 2793 Nuhers
1179 2745 1205 2793 to
1216 2740 1261 2793 tlte
1272 2739 1420 2809 anarchos
1428 2741 1489 2809 Gay

304 2821 391 2885 burst,
404 2823 430 2876 ts
440 2821 587 2876 instituted
595 2823 717 2892 theram]

327 2941 756 3025 GAHIRST.—Radulphus
787 2942 829 3006 de
865 2941 1002 3025 [blank]‚
1029 2942 1263 3019 subdiaconus,
1290 2952 1499 3025 presentatus

240 3066 300 3129 per
330 3046 549 3110 Amauricum
581 3046 623 3110 de
656 3045 789 3110 Nuhers
821 3045 863 3108 ad
895 3045 1069 3108 ecclesiam
1106 3046 1148 3109 de
1187 3045 1374 3124 Gaihurste,
1411 3046 1498 3110 facta

241 3149 331 3232 prius
355 3150 569 3232 inquisitione
592 3171 651 3233 per
676 3149 731 3226 M,
751 3148 1036 3212 Archidiaconum
1069 3148 1418 3232 Bukinghamiensem,
1441 3171 1500 3233 per

239 3272 352 3336 quam,
367 3264 438 3330 etc,
451 3253 494 3317 ad
510 3255 653 3317 eandem
670 3252 836 3315 admissus
852 3262 913 3328 est,
924 3262 985 3315 etc.
1025 3253 1071 3316 Et
1087 3252 1274 3334 injunctum
1287 3262 1339 3317 est
1355 3251 1499 3318 Officiali

240 3357 385 3440 presenti
403 3368 448 3433 ut,
463 3367 524 3420 etc.
1046 3369 1052 3382 ·

240 3542 344 3612 [Hugh
360 3543 395 3595 de
416 3542 552 3606 Wntena,
571 3543 709 3611 chaplain.
721 3542 870 3610 presented
887 3542 921 3610 by
936 3542 1062 3596 Re'cttard
1077 3541 1111 3595 de
1131 3543 1228 3596 Grava
1244 3549 1271 3596 to
1289 3542 1335 3596 tiu
1355 3543 1454 3598 churcle
1468 3545 1504 3612 os

305 3625 403 3689 Grave,
416 3626 440 3678 is
451 3624 599 3679 instituted
605 3625 727 3694 decreta]

324 3743 618 3828 GRAVA.-Hugo
655 3744 698 3809 de
736 3744 906 3822 Wintone,
943 3744 1145 3826 capellanus,
1190 3756 1401 3827 presentatus
1439 3768 1497 3833 per

239 3847 444 3912 Richardum
460 3849 504 3913 de
520 3848 632 3914 Grava
643 3848 686 3912 ad
697 3849 871 3912 ecclesiam
883 3847 926 3912 de
943 3848 1063 3925 Grava,
1076 3848 1164 3912 sacta
1180 3849 1270 3932 prius
1282 3851 1496 3933 inquisitione

237 3972 296 4035 per
322 3953 376 4029 M,
408 3952 693 4017 Archidiaconum
734 3941 1087 4035 Bukinghamiensem,
1118 3973 1177 4035 per
1206 3973 1318 4036 quam,
1347 3965 1419 4032 etc,
1451 3955 1494 4018 ad

237 4055 378 4120 eandem
394 4055 561 4120 admissus
583 4065 643 4134 est,
658 4066 693 4121 et
715 4076 791 4119 cum
808 4077 909 4120 onere
932 4067 966 4119 et
982 4076 1069 4138 pena
1092 4057 1288 4120 vicariorum
1314 4057 1493 4122 institutus.

239 4159 285 4223 Et
301 4159 498 4223 mandatum
514 4169 566 4224 est
581 4159 672 4225 dicto
689 4159 939 4223 Archidiacono
956 4169 1001 4236 ut,
1016 4169 1078 4222 etc.

236 4352 374 4423 [Re'cltard
387 4353 421 4406 de
437 4353 578 4415 Eilesbiri.
589 4354 697 4416 deacon
704 4354 853 4421 presented
868 4353 901 4423 dy
920 4355 1017 4408 Osbeet
1030 4355 1065 4407 de
1080 4353 1257 4416 Santredone,
1267 4356 1293 4407 is
1308 4354 1454 4408 instituted
1466 4361 1494 4410 to

301 4437 347 4488 ttte
364 4435 464 4489 charete
485 4436 520 4504 of
533 4435 573 4489 St.
587 4436 679 4504 Many,
692 4436 856 4500 Sanderton,
870 4436 940 4488 witti
960 4437 1006 4488 the
1026 4436 1144 4504 liabe'lity
1159 4437 1195 4504 os
1201 4436 1324 4505 finding
1340 4453 1358 4489 a
1377 4437 1493 4491 suitable

300 4517 431 4585 chaplae'n
441 4523 469 4570 to
479 4532 558 4570 serve
569 4517 639 4570 wetti
651 4517 718 4570 tu'm.
753 4516 799 4570 He
809 4519 833 4570 is
844 4523 871 4570 to
881 4522 942 4586 pay
952 4523 979 4570 to
990 4517 1038 4576 H,
1049 4523 1137 4571 rector
1151 4519 1187 4585 of
1198 4518 1239 4572 St.
1250 4517 1385 4570 Nicitolas
1400 4519 1432 4570 in
1448 4519 1493 4572 tlte

298 4615 376 4655 same
385 4605 469 4662 town
481 4615 531 4653 one
542 4599 623 4652 mark
634 4599 790 4668 annually.]

322 4720 476 4786 Sancta
509 4718 638 4782 Mania
665 4734 714 4782 oe
745 4718 1228 4785 Saureaooua-Ricardus
1258 4717 1301 4783 de
1328 4718 1491 4796 Eilesbiri,

236 4821 404 4903 diaconus,
430 4831 641 4905 presentatus
665 4843 723 4902 per
746 4821 929 4887 Osbertum
945 4822 988 4885 de
1012 4820 1223 4887 Santredone
1246 4820 1288 4884 ad
1312 4820 1486 4885 ecclesiam

236 4925 360 4991 Sancte
392 4926 498 4989 Marie
529 4925 562 4987 in
593 4925 710 4989 eadem
743 4926 828 5001 villa,
859 4926 947 4988 tacta
979 4927 1068 5008 prius
1100 4925 1311 5006 inquisitione
1343 4945 1401 5005 per
1433 4925 1488 5000 M,

237 5029 519 5094 Archidiaconum
551 5026 902 5112 Bukinghamiensem,
933 5049 992 5111 per
1021 5048 1132 5110 quam,
1169 5039 1240 5101 etc,
1270 5025 1311 5089 ad
1343 5027 1486 5090 eandem
