3609 5642
573 560 752 656 Episcopi
774 559 1057 633 Lincolniensis.
1376 568 1443 655 189

186 796 224 862 [Α
239 795 397 848 relaxatm
412 796 450 863 os
458 810 542 848 seven
558 795 627 864 days
642 796 809 864 ospenonce
824 801 851 849 to
867 796 911 849 all
926 796 1073 850 travellers
1095 796 1159 849 who
1173 798 1243 865 give
1259 798 1333 849 olms
1355 803 1382 850 lo
1398 799 1444 851 the

249 877 344 944 lepm’
355 877 480 945 hospital
487 880 522 946 os
529 879 568 933 St.
581 878 716 938 Leonard,
728 878 935 946 Norihampton
940 895 956 942 ,·
965 880 1035 946 Jan.
1046 896 1085 942 ιι,
1100 880 1183 947 mo]

271 1021 404 1086 Ciam
428 1036 677 1087 Laeuosonuu
703 1036 838 1088 sanem
867 1024 1069 1087 Laoumnu
1102 1036 1228 1085 axina
1260 1022 1445 1086 Nonium-

187 1126 513 1191 TONE.—Omnibus
529 1137 643 1191 sancte
659 1128 775 1191 matris
790 1128 929 1191 ecclesie
945 1127 1021 1190 filiis
1038 1148 1095 1209 per
1114 1128 1346 1209 episcopatum
1365 1127 1444 1190 Lin-

187 1229 390 1294 colniensem
407 1231 606 1307 constitutis,
624 1230 727 1314 Hugo
745 1230 808 1294 Dei
825 1232 933 1312 gratia
944 1232 1036 1295 Linc'
1052 1231 1240 1313 Episcopus
1250 1241 1400 1293 eternam
1411 1231 1443 1293 in

187 1334 322 1397 domino
338 1334 490 1397 salutern.
536 1334 706 1417 Quoniam
723 1336 809 1397 inter
823 1356 926 1417 opera
941 1335 1090 1399 caritatis
1105 1355 1145 1398 ea
1161 1333 1258 1397 valde
1276 1336 1445 1398 meritoria

187 1447 383 1519 reputantur
398 1458 463 1519 que
478 1437 520 1500 ad
537 1439 815 1503 sustentationem
833 1460 1019 1523 pauperum
1040 1450 1074 1503 et
1095 1438 1300 1501 infirmorum
1322 1438 1445 1503 Christi

187 1542 239 1621 pia
257 1541 438 1623 largitione
457 1541 605 1605 fidelium
626 1542 849 1621 conseruntur,
868 1542 1083 1607 devotionem
1104 1553 1249 1606 vestram
1270 1562 1445 1605 monemus

187 1654 219 1707 et
249 1644 474 1709 exhortamur
503 1648 537 1708 in
570 1646 727 1723 Domin0,
757 1648 916 1728 quatinus
945 1668 1021 1737 cum
1054 1667 1113 1729 per
1144 1646 1307 1728 hospitale
1338 1647 1445 1709 sancti

189 1746 354 1811 Leonardi
385 1760 483 1812 extra
514 1750 745 1813 Norhamtone
775 1752 953 1814 transitum
985 1750 1135 1825 feceritis
1166 1749 1278 1814 divine
1310 1750 1446 1832 pietatis

188 1852 304 1916 intuitu
339 1853 466 1935 aliquid
497 1855 540 1918 ad
571 1856 849 1918 sustentationem
881 1855 1088 1937 leprosorum
1121 1855 1244 1918 ibidem
1276 1855 1318 1918 de
1350 1854 1446 1917 bonis

188 1955 276 2017 vobis
288 1977 309 2019 a
324 1956 402 2020 Deo
414 1957 542 2021 collatis
558 1958 730 2021 caritative
742 1958 930 2021 conseratis.
978 1958 1050 2021 Nos
1066 1967 1177 2020 autem
1192 1958 1234 2020 de
1247 1958 1311 2020 Dei
1329 1958 1445 2022 confisi

189 2058 413 2122 misericordia
432 2061 588 2123 omnibus
609 2061 702 2124 vobis
722 2060 764 2123 ad
786 2061 972 2143 predictum
993 2060 1159 2144 hospitale
1179 2060 1390 2124 venientibus
1411 2071 1445 2124 et

188 2162 306 2226 ibidem
324 2163 370 2226 de
386 2164 482 2227 bonis
497 2166 616 2228 vestris
631 2164 673 2227 ad
695 2165 919 2247 predictorum
936 2166 1143 2247 leprosorum
1165 2165 1444 2228 sustentationem

188 2266 385 2330 elemosinas
401 2277 527 2330 vestras
543 2267 798 2344 conferentibus,
818 2267 979 2331 confessis
999 2278 1033 2331 et
1052 2288 1128 2331 vere
1148 2267 1386 2350 penitentibus,
1402 2268 1446 2331 de

188 2369 335 2452 injuncta
363 2371 459 2434 vobis
486 2373 670 2453 penitentia
694 2381 823 2455 septem
851 2371 923 2435 dies
951 2371 1150 2435 relaxamus
1207 2372 1306 2434 Hanc
1331 2380 1444 2435 autem

190 2475 403 2539 relaxationis
426 2486 539 2539 nostre
562 2477 704 2559 gratiam
726 2477 942 2540 concedimus
965 2476 1161 2539 duraturam
1187 2497 1246 2558 per
1266 2476 1446 2551 biennium,

189 2588 220 2641 et
246 2590 347 2643 extra
375 2580 561 2662 predictum
586 2581 750 2663 hospitale
776 2601 842 2643 non
868 2581 1054 2644 valituram.
1110 2581 1200 2643 Data
1225 2602 1283 2662 per
1308 2599 1445 2643 manum

192 2682 272 2746 Petri
291 2683 338 2747 de
354 2684 531 2761 Bathonia,
547 2686 697 2748 canonici
716 2685 967 2761 Lincolniensis
983 2685 1073 2767 apud
1091 2684 1345 2765 Wenlingburg’
1361 2682 1443 2746 duo-

190 2784 315 2850 decimo
334 2787 497 2850 kalendas
514 2788 694 2865 Februarii,
710 2787 924 2870 pontificatus
941 2788 1045 2851 nostri
1061 2808 1150 2850 anno
1168 2788 1212 2850 xi.

192 3231 258 3294 [The
267 3232 378 3299 Bishop
389 3232 520 3300 confimo
530 3236 557 3285 to
573 3231 686 3285 Vinccnt
699 3231 896 3299 Carpentariics
907 3236 952 3284 tlte
960 3237 1051 3299 grant
1060 3232 1095 3299 of
1101 3247 1119 3283 a
1130 3236 1245 3298 ortartcr
1253 3233 1289 3300 eff
1294 3248 1332 3284 an
1343 3232 1451 3300 aereos

250 3314 295 3367 tlte
301 3314 385 3383 glebo
394 3313 431 3381 os
442 3313 606 3381 Brampton.
619 3314 700 3366 morie
710 3313 743 3380 by
754 3312 866 3393 Martio
877 3313 911 3367 de
923 3312 1091 3375 Patteshille,
1102 3317 1191 3365 rector
1199 3313 1234 3381 of
1246 3312 1310 3366 thar
1324 3312 1425 3366 cbrerch
1433 3330 1447 3375 ,-

251 3394 322 3463 May
332 3411 374 3460 25,
389 3396 471 3463 ma]

272 3548 405 3613 Caum
437 3548 647 3613 vmcaum
675 3561 867 3613 rausums
894 3561 1071 3613 accessus
1099 3563 1149 3611 oa
1177 3548 1446 3612 Braurona.-

195 3652 366 3730 Omnibus,
381 3663 443 3715 etc.
491 3652 630 3715 Noverit
647 3653 843 3716 universitas
859 3662 969 3716 vestra
984 3653 1074 3735 quod
1093 3672 1152 3715 nos
1173 3652 1388 3716 donationem
1410 3662 1444 3715 et

194 3757 436 3819 concessionem
467 3767 585 3837 quarte
613 3757 715 3837 partis
741 3755 839 3818 unius
866 3777 941 3819 acre
968 3766 1052 3819 terre
1077 3775 1152 3819 cum
1179 3755 1385 3837 pertinentiis
1411 3756 1443 3817 in

195 3856 481 3922 Netherbramton'
507 3880 572 3941 que
599 3869 649 3921 est
674 3861 716 3922 de
748 3859 846 3923 seodo
874 3860 1013 3923 ecclesie
1043 3858 1085 3922 de
1113 3858 1314 3940 Brampton’,
1341 3879 1442 3941 quarn

194 3958 327 4025 dilectus
343 3961 431 4025 lilius
449 3962 615 4025 Martinus
630 3963 673 4026 de
690 3961 892 4039 Patteshille,
909 3972 1016 4026 rector
1030 3962 1181 4044 ejusdem
1201 3961 1346 4037 ecclesie,
1363 3961 1441 4025 fecit

195 4062 369 4129 Vincentio
401 4066 629 4147 Carpentario,
659 4066 743 4129 sicut
774 4076 866 4129 carta
896 4066 1000 4148 ipsius
1032 4066 1169 4128 Martini
1204 4064 1444 4129 rationabiliter

194 4176 336 4245 testatur,
362 4170 561 4234 auctoritate
592 4170 774 4251 episcopali
805 4169 1063 4233 confirmamus:
1096 4168 1195 4231 salvis
1226 4170 1260 4231 in
1287 4170 1443 4232 omnibus

194 4271 432 4356 episcopalibus
457 4273 754 4337 consuetudinibus
778 4283 812 4336 et
836 4272 1079 4336 Lincolniensis
1106 4272 1243 4335 ecclesie
1269 4271 1441 4355 dignitate.

195 4374 287 4456 Quod
303 4388 341 4440 ut
364 4376 449 4459 [etc.,
472 4376 623 4460 sealing],
639 4377 701 4440 hiis
725 4377 874 4452 testibus,
899 4375 1048 4439 Roberto
1072 4376 1305 4439 archidiacono
1331 4376 1441 4439 Hunt-

195 4480 354 4563 ingdonie‚
379 4482 542 4563 Magistro
566 4478 741 4563 Stephano
763 4479 806 4543 de
829 4480 998 4555 Cicestria,
1020 4488 1053 4542 et
1080 4480 1177 4542 Petro
1200 4479 1243 4542 de
1267 4480 1442 4557 Bathonia,

194 4586 353 4648 canonicis
371 4584 669 4661 Lincolniensibus,
684 4583 830 4647 Radulso
846 4583 888 4646 de
903 4582 1081 4660 Warevill',
1093 4584 1256 4645 canonico
1272 4583 1442 4660 Wellensi,

197 4684 351 4771 Magistro
367 4688 537 4751 Willelmo
553 4688 596 4751 de
611 4688 741 4763 Cantia,
757 4687 928 4750 Willelmo
950 4686 993 4749 de
1014 4686 1279 4763 Winchelcumb,
1297 4686 1442 4749 Ricardo

195 4788 232 4853 de
252 4790 389 4856 Oxonia
410 4802 445 4855 et
473 4791 609 4856 Olivero
637 4791 680 4855 de
708 4790 892 4867 Chedneto,
916 4791 1048 4854 clericis
1107 4791 1197 4853 Data
1222 4810 1279 4873 per
1305 4810 1440 4853 manum

196 4891 316 4960 Thome
355 4896 398 4959 de
431 4894 615 4959 Fiskerton'
650 4896 822 4977 capellani,
851 4896 1003 4958 canonici
1041 4894 1141 4970 Linc'‚
1171 4893 1260 4977 apud
1294 4894 1443 4976 Kildeby

196 5009 305 5062 octavo
320 4999 482 5064 kalendas
497 5000 587 5081 Junii
604 4999 818 5082 pontificatus
834 5000 937 5062 nostri
954 5018 1044 5061 anno
1060 4999 1103 5060 xi.
