3609 5642
600 554 779 651 Episcopi
794 553 1079 627 Lincolne'ensis.

278 790 426 859 [Mem-s]

696 859 836 925 Annus
859 856 996 925 xvn1⁰⁸.

212 1002 352 1072 [Witts'ans
366 1002 392 1056 te
406 1002 515 1066 Water's,
527 1000 696 1062 sub-deam,
705 1001 852 1069 presented
865 1002 899 1071 ty
915 1000 1048 1066 Wr'tltam‚
1061 1018 1112 1055 son
1128 1003 1165 1070 os
1175 1002 1295 1055 Thomas
1305 1002 1339 1057 de
1350 1002 1435 1067 Leire,
1449 1005 1473 1056 ts

273 1082 422 1137 instituted
430 1089 457 1137 to
467 1084 513 1136 the
522 1082 624 1137 charete
635 1084 671 1151 of
676 1083 776 1148 [tire]

298 1210 673 1275 LEYRn-Willelmus
704 1210 734 1274 le
757 1211 892 1287 Waleis,
916 1210 1150 1288 subdiaconus,
1175 1220 1386 1293 presentatus
1413 1231 1473 1294 per
1519 1202 1523 1208 ⁴

211 1315 427 1391 willelmum,
449 1314 555 1378 filium
579 1314 711 1378 Thome
733 1313 777 1378 de
801 1314 896 1391 leid,
918 1314 961 1378 ad
985 1314 1160 1378 ecclesiam
1185 1315 1228 1378 de
1254 1315 1359 1393 Leire,
1383 1314 1470 1379 sacta

211 1421 300 1502 prius
315 1420 531 1501 inquisitione
547 1439 606 1502 per
616 1417 678 1495 W„
692 1418 930 1482 Archidiaconi
944 1418 1134 1495 leicestrie,
1146 1428 1180 1482 et
1196 1420 1338 1503 receptis
1355 1420 1472 1483 litteris

210 1524 337 1587 domini
355 1524 458 1607 Regis
480 1523 731 1587 continentibus
745 1522 836 1605 quod
863 1522 968 1605 Hugo
987 1523 1030 1587 de
1048 1523 1248 1605 Ringedone
1271 1545 1384 1588 coram
1403 1525 1471 1605 jus-

209 1627 346 1690 ticiariis
357 1626 590 1691 itinerantibus
601 1624 693 1709 apud
708 1626 925 1690 Leicestriam
943 1627 1137 1709 recognovit
1153 1636 1187 1689 et
1203 1628 1369 1691 concessit
1381 1626 1472 1691 dicto

210 1731 381 1796 Willelmo
404 1731 686 1813 presentationem
702 1750 798 1793 suam
814 1728 858 1793 ad
874 1730 1018 1795 eandem
1034 1730 1220 1808 ecclesiam,
1238 1751 1296 1814 per
1311 1751 1386 1813 que,
1402 1740 1473 1808 etc,

211 1837 252 1900 ad
267 1835 411 1899 eandem
427 1834 593 1898 admissus
610 1843 742 1911 estete.
784 1833 829 1896 Et
845 1832 1033 1913 injunctum
1050 1846 1101 1898 est
1117 1834 1209 1897 dicto
1225 1834 1471 1899 Archidiacono

212 1951 257 2015 ut,
271 1948 334 2003 etc.

778 2057 910 2073 —

211 2194 314 2265 [Hugh
325 2195 360 2249 de
371 2194 506 2263 Morteyd
517 2194 689 2255 ssd-deucere⁴
696 2193 846 2263 presented
859 2193 893 2262 by
903 2193 1025 2248 Enstnce
1040 2194 1074 2249 de
1085 2193 1224 2263 Mortoyn
1237 2196 1268 2248 tn
1285 2195 1368 2263 n'gltt
1381 2198 1417 2265 os
1428 2196 1474 2249 tris

274 2278 350 2347 we'se.
362 2278 388 2330 is
397 2275 543 2330 instituted
555 2282 583 2328 to
600 2276 645 2329 the
656 2275 757 2329 chnrctr
767 2277 804 2345 os
810 2276 975 2328 Branstone
1009 2275 1037 2327 Α
1049 2277 1180 2344 vr'carage
1198 2278 1223 2329 is
1239 2278 1370 2330 reserved
1384 2283 1411 2330 to
1427 2278 1474 2331 ttre

274 2359 429 2428 choplar'n.]

299 2487 744 2569 BRANTESTONu.-Hugo
762 2488 805 2550 de
830 2486 993 2569 Morleya‚
1009 2486 1245 2565 subdiaconus,
1260 2472 1472 2571 presentatus

211 2593 253 2656 ad
269 2592 444 2657 ecclesiam
460 2593 504 2657 de
518 2593 740 2656 Brantestone
756 2612 815 2673 per
828 2590 1048 2655 Eustachium
1062 2591 1105 2655 de
1120 2593 1288 2676 Mortoyn‚
1298 2594 1355 2675 qui
1369 2592 1470 2657 filiam

211 2705 244 2761 ct
272 2697 429 2762 heredem
456 2695 590 2759 Ricardi
615 2695 754 2778 Silvayn
779 2694 880 2759 duxit
907 2697 940 2758 in
966 2716 1116 2773 uxorem,
1141 2696 1227 2759 facta
1252 2698 1342 2778 prius
1366 2698 1473 2780 inqui-

211 2799 332 2864 sitione
344 2820 403 2882 per
415 2798 478 2876 W„
492 2797 776 2862 Archidiaconum
792 2798 981 2875 leicestrie,
995 2819 1175 2881 perquam,
1188 2808 1258 2875 etc„
1271 2800 1314 2863 ad
1328 2800 1469 2865 eandem

211 2902 378 2967 admissus
400 2913 461 2978 est,
483 2911 545 2966 etc.
592 2900 693 2966 Salva
719 2902 780 2977 W.‚
803 2903 987 2984 capellano,
1010 2902 1170 2983 quamdiu
1195 2903 1326 2981 vixerit,
1349 2904 1471 2968 vicaria

212 3027 271 3070 sua
286 3026 390 3089 quam
406 3005 509 3070 habet
524 3008 556 3069 in
573 3005 700 3069 eadem.

211 3263 351 3332 [Clement
364 3262 399 3317 de
410 3262 592 3326 Hawrottdn,
605 3263 743 3331 ctaptain
752 3262 902 3331 presented
916 3260 1005 3331 hythe
1017 3260 1092 3315 Eart
1107 3263 1143 3330 os
1151 3262 1265 3315 Chester
1273 3263 1335 3316 and
1344 3263 1445 3318 Lr'ncol
1464 3304 1470 3325 .

272 3345 418 3413 guddenes
428 3346 544 3415 ostm
554 3346 589 3399 de
600 3346 693 3409 Scotte
707 3345 752 3398 tris
763 3343 886 3412 neptem,
898 3344 923 3396 ts
934 3344 1080 3395 instituted
1090 3348 1117 3395 to
1128 3343 1174 3395 the
1184 3343 1285 3397 churdr
1297 3346 1332 3414 os
1339 3345 1449 3413 Saty]

300 3471 663 3538 sexeum-Clemens
679 3471 722 3535 de
740 3471 950 3547 Hawurthln,
966 3469 1168 3553 capellanus,
1183 3481 1395 3554 presentatus
1414 3492 1473 3555 per

212 3576 359 3641 nobilem
381 3576 489 3637 virum
507 3575 556 3652 R„
572 3575 741 3639 Comitem
765 3575 894 3639 Cestrie
909 3585 943 3639 et
968 3574 1151 3651 Lincolnie,
1171 3576 1299 3639 ratione
1321 3576 1473 3639 custodie

212 3692 297 3745 terre
320 3680 485 3764 Johannis
508 3680 551 3743 de
575 3680 700 3757 Scotte,
716 3681 848 3763 nepotis
871 3682 932 3757 sui,
948 3681 981 3743 in
1006 3700 1106 3744 manu
1131 3678 1203 3762 ejus
1225 3680 1412 3757 existentis,
1428 3681 1470 3745 ad

211 3784 386 3849 ecclesiam
410 3784 453 3847 de
478 3784 627 3867 Saxeby,
650 3784 738 3848 lacta
762 3784 853 3868 prius
876 3784 1091 3866 inquisitione
1123 3805 1181 3866 per
1208 3784 1270 3861 W.,
1296 3783 1470 3847 Archidia·

212 3907 333 3953 conum
353 3888 543 3966 Leicestrie,
559 3909 617 3972 per
632 3907 745 3971 quarn,
760 3899 830 3965 etc,
846 3888 889 3953 ad
907 3888 1049 3952 eandem
1069 3897 1120 3952 est
1140 3888 1317 3965 admissus,
1333 3899 1366 3952 et
1383 3889 1416 3951 in
1431 3908 1471 3952 ea

212 4014 289 4058 cum
305 4012 407 4056 onere
422 4003 456 4056 et
474 4012 560 4076 pena
576 3992 783 4069 vicariorum,
795 4002 856 4055 etc.
905 3992 949 4055 Et
966 3992 1162 4055 mandatum
1179 4002 1230 4055 est
1245 3992 1337 4056 dicto
1354 3991 1472 4055 Archi-

214 4098 358 4163 diacono
374 4106 419 4174 ut,
434 4106 495 4160 etc

213 4372 348 4441 [Stephen
358 4370 480 4439 &Lucy,
487 4368 637 4439 presented
645 4370 678 4437 by
686 4370 731 4423 tlte
740 4368 826 4422 I'n'or
835 4370 870 4437 os
881 4367 969 4427 Waee.
981 4368 1080 4431 Herts..
1093 4370 1119 4421 is
1129 4368 1275 4421 instintted
1283 4372 1310 4420 to
1319 4368 1363 4421 tlte
1371 4367 1473 4421 cnseret

276 4452 485 4523 ofBetgrave.]

301 4580 751 4663 BELEGnnvn.—Magister
767 4580 960 4662 Stephanus
975 4578 1019 4642 de
1038 4580 1139 4662 Lucy,
1152 4578 1288 4661 [blernk],
1304 4590 1472 4661 presenta-

213 4694 267 4748 tus
295 4705 354 4769 per
381 4686 528 4750 Priorem
553 4685 596 4749 de
620 4685 721 4748 Ware
745 4682 788 4747 ad
812 4684 987 4747 ecclesiam
1011 4682 1053 4747 de
1079 4682 1248 4766 Belgrnve,
1271 4682 1359 4746 lacta
1383 4682 1473 4764 prius

214 4789 428 4871 inquisitione
449 4810 508 4872 per
524 4789 586 4865 W„
602 4788 887 4852 Archidiaconum
912 4786 1117 4863 Leircestrie,
1134 4807 1193 4870 per
1212 4806 1325 4869 quam,
1341 4796 1412 4863 etc,
1428 4785 1471 4849 ad

214 4892 357 4956 eandem
380 4891 547 4955 admissus
569 4901 629 4968 est,
644 4902 706 4955 etc.
753 4891 799 4955 Et
819 4889 1017 4953 mandatum
1040 4900 1090 4953 est
1114 4888 1205 4952 dicto
1222 4887 1472 4952 Archidiacono

217 5005 262 5071 ut,
277 5005 339 5059 etc.
