3609 5642
349 574 415 647 172
694 554 830 628 Ratun·
845 553 1022 652 Hngenr's
1047 553 1091 627 de
1118 553 1251 627 Welles

344 788 462 858 [Amoey
481 789 516 842 de
537 788 676 849 Sheltene,
698 789 836 857 emplum,
850 789 1000 858 presented
1019 788 1052 857 by
1069 788 1148 842 Alice
1164 788 1200 842 de
1224 788 1251 841 Τ
1247 786 1399 851 mileville
1420 788 1445 839 is
1464 786 1609 840 instituted

408 872 562 940 Mastercef
573 871 761 939 tlteHospital
770 871 806 939 of
817 871 974 939 Ammon]

433 1000 633 1062 Amauricus
657 998 700 1062 de
727 998 897 1075 Sheltone‚
917 999 1118 1081 capellanus,
1138 1008 1348 1081 presentatus
1375 1019 1435 1080 per
1461 997 1605 1061 Aliciam

344 1103 387 1167 de
413 1102 616 1165 Trubleville
642 1100 685 1164 ad
712 1102 859 1184 regimen
890 1102 1078 1184 Hospitalis
1103 1101 1145 1164 de
1172 1101 1376 1179 Armistone,
1404 1100 1493 1163 sacta
1518 1101 1606 1183 prius

344 1206 558 1288 inquisitione
582 1225 640 1287 per
661 1204 700 1285 J.,
725 1203 1010 1267 Archidiaconum
1036 1203 1313 1287 Norhamptonie,
1329 1224 1388 1286 per
1409 1224 1522 1286 quam,
1538 1213 1607 1281 etc,

343 1308 509 1372 admissus
525 1318 576 1371 est
591 1308 634 1371 ad
651 1306 778 1371 dictum
798 1308 976 1390 Hospitale
992 1329 1068 1371 cum
1085 1329 1185 1372 onere
1201 1318 1235 1371 et
1252 1328 1338 1391 pena
1354 1308 1563 1384 vicariorum,
1575 1317 1607 1371 et

343 1412 436 1477 salvo
459 1414 492 1476 in
515 1413 672 1475 omnibus
686 1412 760 1494 jure
783 1414 929 1477 matricis
952 1414 1091 1477 ecclesie
1113 1425 1147 1478 et
1174 1415 1356 1478 vicinarum
1383 1413 1606 1476 ecclesiarum.

345 1517 391 1580 Et
407 1516 603 1580 mandatum
619 1527 670 1580 est
685 1516 795 1580 eidem
813 1516 1062 1581 Archidiacono
1078 1527 1123 1594 ut,
1138 1527 1198 1582 etc.

430 1818 500 1902 [On
515 1817 733 1903 deseces-J
811 1907 952 1971 Auuus
976 1902 1130 1971 xx1111⁰⁵.

343 2039 438 2104 [Peter
447 2039 481 2092 de
492 2039 627 2103 Radenor,
639 2038 807 2099 sutdeacon,
815 2039 965 2107 presented
973 2040 1006 2107 ty
1017 2039 1049 2093 R.
1062 2040 1096 2111 dg
1107 2040 1197 2108 Dyva,
1211 2040 1298 2093 Prior
1306 2041 1342 2107 os
1353 2041 1398 2092 tlte
1412 2039 1606 2107 Hospitatters.

409 2122 435 2174 is
444 2122 592 2175 instituted
597 2128 625 2174 to
635 2122 681 2174 the
692 2121 792 2175 chureii
804 2122 840 2189 of
851 2121 1081 2189 Rauenrtlroepe]

432 2251 935 2333 RAVENSTHORP.-Magister
962 2252 1078 2314 Petrus
1104 2250 1146 2313 de
1172 2250 1346 2327 Radenor’‚
1372 2250 1609 2327 subdiaconus

345 2363 554 2437 presentatus
571 2375 630 2436 per
650 2353 800 2417 Fratrem
823 2353 861 2417 R.
878 2352 922 2415 de
943 2353 1051 2435 Dyva,
1074 2353 1219 2417 Priorem
1242 2354 1395 2417 Fratrum
1419 2353 1609 2437 Hospitalis

343 2458 603 2540 Jerosolimitani
621 2459 653 2521 in
671 2457 798 2541 Anglia
813 2457 857 2521 ad
873 2458 1048 2521 ecclesiam
1065 2458 1108 2521 de
1130 2458 1389 2540 Ravenestorpe‚
1406 2458 1496 2522 sacta
1517 2465 1609 2541 prius

345 2563 558 2644 inquisitione
571 2583 630 2644 per
640 2562 838 2643 Johannem,
849 2561 1134 2625 Archidiaconum
1148 2561 1424 2644 Norhamptonie,
1434 2582 1494 2643 per
1504 2582 1608 2645 quam

343 2686 420 2729 cum
437 2666 609 2748 negotium
625 2674 713 2728 esset
729 2666 762 2727 in
778 2664 941 2746 expedito
960 2664 1002 2728 ad
1018 2664 1160 2729 eandem
1173 2665 1348 2728 ecclesiam
1366 2664 1533 2727 admissus
1548 2677 1610 2743 est,

343 2779 378 2832 et
409 2771 442 2832 in
472 2790 512 2833 ea
543 2770 701 2832 canonice
731 2788 873 2851 persona
903 2769 1082 2832 institutus.
1130 2769 1175 2832 Et
1206 2768 1404 2833 mandatum
1434 2778 1485 2833 est
1515 2769 1610 2834 dicto

346 2871 593 2935 Archidiacono
616 2882 654 2935 ut
676 2871 827 2955 predicto
848 2872 947 2935 Petro
966 2872 1171 2955 corporalem
1193 2872 1296 2955 ipsius
1316 2872 1454 2936 ecclesie
1478 2894 1609 2955 posses-

344 2978 473 3041 sionem
489 2977 611 3041 habere
627 2977 734 3040 saciat

341 3266 499 3335 [Regineld
513 3268 548 3321 de
564 3267 748 3335 Aille'ngtene
767 3268 936 3331 snb-deacon
950 3267 1099 3335 presented
1114 3268 1147 3337 by
1164 3268 1267 3337 Ralple,
1288 3284 1338 3321 son
1357 3269 1392 3336 os
1410 3268 1560 3336 Reginald
1584 3270 1608 3323 is

409 3349 555 3402 instituted
563 3355 590 3403 to
601 3349 647 3402 tlte
657 3349 758 3402 cheerch
769 3350 805 3418 of
816 3350 892 3401 East
903 3349 1037 3418 chelion]

433 3475 935 3559 KARLETONE.-Reginaldus
956 3476 998 3539 de
1026 3475 1244 3558 Aillingtone,
1271 3475 1507 3553 subdiaconus
1536 3498 1609 3559 pre-

345 3588 496 3643 sentatus
511 3600 570 3661 per
587 3579 769 3643 Radulfum
786 3580 891 3643 filium
910 3578 1087 3661 Reginaldi
1105 3580 1147 3643 ad
1164 3580 1338 3643 ecclesiam
1355 3580 1398 3644 de
1412 3580 1609 3659 Karletone‚

346 3683 434 3747 sacta
458 3683 548 3766 prius
574 3684 787 3766 inquisitione
812 3704 870 3766 per
887 3684 927 3765 J.,
946 3684 1229 3747 Archidiaconum
1257 3683 1535 3765 Norhamptonie,
1552 3705 1611 3768 per

345 3808 456 3869 quam,
472 3797 542 3863 etc,
557 3786 600 3849 ad
615 3787 757 3851 eandem
774 3786 940 3850 admissus
956 3796 1016 3864 est,
1029 3796 1089 3851 etc.
1137 3788 1183 3850 Et
1207 3788 1404 3851 mandatum
1424 3796 1477 3850 est
1498 3786 1609 3851 eidem

348 3889 595 3954 Archidiacono
611 3901 656 3967 ut,
671 3902 732 3954 etc.

345 4189 468 4259 [Walter
480 4189 515 4242 de
531 4191 698 4253 &navemn
710 4189 879 4252 medeacon,
885 4190 1034 4256 presented
1048 4190 1138 4257 hythe
1153 4190 1239 4242 Pn'or
1251 4190 1312 4241 and
1328 4190 1454 4242 Convent
1468 4189 1504 4256 os
1516 4190 1612 4243 Hunt-

411 4272 526 4340 ingd0n‚
540 4273 565 4324 is
581 4272 726 4324 iustituted
741 4277 768 4324 to
781 4272 827 4325 tlte
840 4272 957 4339 mediety
968 4271 1004 4339 of
1015 4272 1062 4324 the
1078 4271 1178 4324 chnrch
1191 4272 1226 4339 os
1237 4271 1334 4323 Istam
1351 4272 1443 4325 which
1460 4271 1568 4326 Walter
1578 4274 1612 4326 de

415 4354 559 4407 Tauntone
570 4352 630 4406 had
641 4352 726 4421 held]

435 4479 779 4546 ISHAM.-Walterus
795 4479 838 4544 de
854 4480 1051 4557 Swaveseia,
1067 4479 1301 4559 subdiaconus,
1318 4490 1529 4564 presentatus
1553 4502 1613 4563 per

347 4586 493 4649 Priorem
509 4594 544 4648 et
559 4593 760 4648 conventum
781 4584 1038 4666 Huntingdonie
1059 4584 1101 4647 ad
1123 4584 1213 4647 illam
1236 4585 1451 4649 medietatem
1472 4584 1611 4648 ecclesie

345 4688 388 4751 de
412 4687 544 4751 lshame
566 4708 667 4770 quam
688 4688 857 4752 Walterus
878 4688 921 4751 de
940 4688 1120 4751 Tauntone
1139 4688 1258 4751 ultimo
1277 4690 1392 4765 tenuit,
1410 4688 1498 4751 sacta
1520 4688 1610 4771 prius

346 4791 561 4873 inquisitione
584 4812 643 4873 per
664 4791 702 4873 J.,
727 4791 1011 4855 Archidiaconum
1038 4791 1316 4875 Norhamptonie,
1333 4813 1392 4875 per
1410 4810 1521 4874 quam,
1538 4801 1609 4865 etc,

346 4894 388 4956 ad
404 4894 546 4958 eandem
564 4895 779 4960 medietatem
796 4895 963 4958 admissus
978 4906 1038 4971 est,
1054 4906 1114 4959 etc.
1164 4896 1208 4959 Et
1231 4896 1427 4958 mandatum
1449 4904 1500 4958 est
1516 4894 1609 4958 dicto

347 4996 594 5060 Archidiacono
611 5008 656 5075 ut,
671 5008 732 5061 etc.
