3609 5642
575 590 754 686 Episcopi
768 589 1052 662 Lincolnr'ensz's.
1372 616 1437 683 241

192 738 1443 751 -Ἣ-

187 827 254 890 [The
262 827 422 879 r'rrstr'trrtr'on
433 829 470 894 of
475 825 577 878 Robm
583 826 619 878 de
626 825 755 879 Kolebor's
763 831 791 877 to
801 825 847 878 the
855 826 988 893 wcarage
999 827 1035 893 os
1040 825 1094 878 All
1104 826 1206 887 Sar'nts,
1220 826 1443 895 llortlramptom

245 908 320 975 Aug.
334 926 355 970 1,
370 926 455 973 '²3¹2'
469 906 632 976 seep.148.]

267 1038 433 1101 V1cna1n
453 1035 622 1099 Ouuiuu
643 1034 883 1099 Snucsonuu
907 1035 1441 1100 Nonunupsonm.-Omnibus

186 1152 241 1204 etc.
287 1142 429 1205 Noverit
449 1140 646 1203 universitas
666 1150 775 1202 vestra
795 1160 856 1201 nos
876 1139 919 1201 ad
941 1142 1223 1221 presentationem
1243 1138 1439 1203 dilectorum

187 1244 321 1309 filiomm
345 1245 469 1307 Prioris
489 1253 523 1309 et
542 1253 727 1307 conventus
747 1243 854 1306 s'ancti
875 1241 1013 1306 Andree
1035 1243 1310 1325 Norhamptonie,
1330 1255 1440 1326 patro-

186 1369 259 1411 num
292 1349 435 1413 ecclesie
465 1347 628 1412 Omnium
664 1346 864 1410 Sanctorum
901 1346 1178 1428 Norhamptonie,
1212 1346 1370 1411 dilectum
1406 1349 1438 1410 in

187 1453 312 1517 Christo
328 1453 436 1516 filium
454 1451 639 1515 Robertum
655 1450 699 1513 de
713 1449 884 1527 Kolebois,
899 1451 1119 1534 capellanum,
1129 1450 1170 1514 ad
1188 1452 1291 1534 ipsius
1302 1454 1440 1516 ecclesie

186 1558 334 1620 vicariam
362 1556 538 1619 admisisse
561 1556 738 1637 ipsumque
761 1556 794 1617 in
817 1576 859 1617 ea
881 1555 1041 1618 canonice
1063 1556 1220 1618 vicarium
1242 1567 1438 1639 perpetuum

187 1660 366 1724 instituisse
381 1680 459 1722 cum
474 1679 575 1723 onere
591 1659 801 1721 ministrandi
818 1659 1037 1740 personaliter
1053 1660 1085 1722 in
1106 1659 1232 1723 eadem.
1280 1660 1440 1725 Consistit

186 1776 290 1827 autem
308 1766 384 1846 ipsa
400 1764 521 1826 vicaria
538 1764 571 1826 in
588 1762 738 1825 corredio
755 1762 943 1825 monachali
961 1763 993 1825 in
1011 1762 1184 1825 refectorio
1196 1763 1247 1826 vel
1266 1765 1298 1826 in
1309 1784 1440 1829 camera

188 1869 300 1931 Prioris
315 1870 372 1933 vel
388 1868 477 1943 alibi,
493 1867 549 1930 ubi
565 1868 706 1931 vicarius
727 1868 878 1943 voluerit,
898 1868 1121 1949 percipiendo
1170 1868 1320 1931 Habebit
1338 1870 1439 1931 ctiam

187 1973 319 2036 vicarius
343 1972 389 2036 ad
409 1993 494 2055 opus
518 1972 690 2035 servientis
709 1974 759 2034 sui
783 1973 970 2037 corredium
990 1972 1089 2055 quale
1108 1973 1210 2036 habet
1231 1994 1315 2036 unus
1335 1973 1442 2055 major

186 2078 384 2141 servientum
402 2076 506 2159 ipsius
522 2077 695 2157 prioratus,
704 2085 739 2139 et
755 2077 893 2158 triginta
909 2076 1034 2138 solidos
1044 2097 1173 2139 annuos
1185 2097 1245 2158 pro
1257 2076 1441 2160 stipendiis,

186 2192 216 2241 et
237 2191 389 2263 preterea
412 2182 446 2242 in
469 2190 613 2261 quatuor
639 2180 877 2263 principalibus
901 2179 994 2244 sestis
1019 2179 1233 2255 oblationem,
1257 2181 1382 2245 scilicet
1408 2184 1440 2245 in

186 2284 329 2367 quolibet
347 2284 434 2347 sesto
449 2304 510 2346 sex
527 2282 703 2346 denarios:
728 2284 808 2345 item
825 2282 1042 2346 medietatem
1059 2284 1195 2347 secundi
1213 2284 1313 2366 legati
1329 2307 1337 2361 ;
1360 2287 1440 2349 item

187 2388 329 2470 qualibet
362 2387 417 2450 die
447 2386 616 2449 dominica
647 2386 816 2449 residuum
848 2387 945 2468 panis
975 2385 1162 2463 benedicti;
1194 2388 1274 2451 item
1305 2388 1441 2470 quando

186 2490 404 2555 celebrabitur
426 2490 458 2551 in
482 2489 621 2551 ecclesia
644 2488 795 2571 predicta
825 2510 885 2571 pro
909 2510 1049 2571 corpore
1072 2491 1216 2571 presenti
1249 2510 1352 2554 unum
1384 2491 1440 2555 de-

187 2595 308 2657 narium
325 2594 412 2657 etin
429 2601 602 2655 contractu
620 2593 811 2674 nuptiarum
829 2612 933 2655 unum
953 2592 1137 2657 denarium.
1185 2594 1343 2658 Monachi
1364 2617 1442 2659 vero

188 2697 397 2761 sustinebunt
412 2698 526 2759 omnia
542 2716 644 2760 onera
659 2697 748 2760 dicte
763 2696 902 2759 ecclesie
921 2706 955 2759 et
975 2698 1145 2759 invenient
1166 2699 1233 2761 suis
1253 2701 1442 2783 sumptibus

187 2800 265 2864 duos
287 2801 482 2885 capellanos
510 2800 674 2863 seculares
701 2800 734 2862 in
758 2798 962 2882 adjutorium
987 2801 1098 2863 vicarii
1126 2810 1160 2863 et
1184 2802 1319 2865 clericos
1345 2804 1443 2868 dictis

187 2905 364 2987 capellanis
381 2905 584 2968 necessarios
599 2914 633 2966 et
650 2906 711 2986 ipsi
729 2904 852 2967 vicario
869 2923 1022 2966 mansum
1039 2914 1296 2987 competentem.
1346 2887 1440 2971 ldem

187 3020 292 3073 autem
316 3008 472 3083 vicarius
495 3008 669 3090 capellani,
691 3018 725 3071 et
744 3009 854 3071 clerici
873 3008 1100 3089 juramentum
1125 3010 1322 3089 prestabunt
1345 3011 1442 3075 dictis

190 3113 284 3176 Priori
309 3122 347 3176 et
373 3111 544 3175 monachis
567 3111 610 3175 de
637 3111 800 3175 fidelitate
823 3104 871 3175 eis
894 3111 1103 3175 observanda
1126 3114 1159 3175 in
1183 3115 1442 3196 temporalibus;

187 3216 279 3279 salvis
308 3227 373 3280 etc.
424 3214 526 3297 Quod
558 3227 594 3279 ut
623 3224 695 3293 etc,
724 3214 788 3277 hiis
817 3215 968 3292 testibus,
994 3216 1165 3298 Magistris
1193 3216 1375 3281 Amaurico
1401 3220 1444 3283 de

189 3318 389 3403 Buggedene
412 3328 446 3382 et
469 3319 614 3382 Ricardo
633 3317 676 3381 de
697 3317 898 3396 Wendoure,
919 3318 1089 3382 Willelmo
1112 3318 1154 3382 de
1179 3319 1443 3386 Winchecumba

187 3432 217 3485 et
246 3421 395 3485 Ricardo
424 3422 468 3485 de
502 3421 650 3498 Oxonia,
684 3422 852 3485 canonicis
885 3422 1183 3499 Liucolniensibus,
1216 3424 1364 3489 Roberto
1401 3426 1443 3489 de

190 3524 388 3603 Rollesoure‚
404 3525 587 3609 capellano,
609 3526 779 3609 Magistris
801 3526 951 3589 Waltero
971 3526 1013 3589 de
1029 3526 1269 3591 Wermenistre
1288 3540 1322 3591 ct
1343 3528 1384 3591 A.
1400 3528 1443 3593 de

191 3628 380 3706 Arundelle,
406 3629 434 3711 J.
458 3629 502 3693 de
529 3629 648 3712 Burg0‚
674 3630 707 3695 S.
735 3630 777 3693 de
808 3629 955 3693 Castello
981 3640 1015 3693 et
1043 3628 1080 3693 G.
1102 3629 1146 3693 de
1175 3631 1287 3707 Moris,
1309 3632 1442 3697 clericis.

189 3731 272 3795 Data
296 3737 358 3815 per
384 3751 520 3796 manum
551 3732 684 3795 Radulfi
710 3733 752 3795 dc
779 3732 984 3809 Warraville‚
1011 3734 1161 3796 canonici
1189 3734 1443 3812 Lincolniensis,

187 3835 270 3918 apud
289 3835 534 3919 Emigworthe,
550 3835 702 3899 kalendis
723 3836 869 3919 Augusti
890 3836 1104 3918 pontificatus
1125 3838 1228 3899 nostri
1249 3858 1340 3901 anno
1356 3840 1441 3901 vice-

188 3938 267 4002 simo
282 3940 441 4005 secundo.

187 4194 254 4263 [ille
268 4198 428 4251 r'rrrtr'trdion
445 4197 481 4265 of
499 4196 623 4250 William
641 4198 675 4250 de
695 4197 794 4265 Burgo
812 4205 840 4250 to
856 4197 901 4251 the
911 4197 1012 4251 church
1030 4198 1065 4265 os
1077 4196 1220 4261 Peakr'rk;
1238 4197 1293 4251 Oct.
1307 4216 1345 4262 14.
1359 4216 1443 4265 1251,¹

246 4282 327 4347 step.
340 4280 410 4342 roo]

271 4398 755 4463 PEYCHURCHE.—Omnibus
771 4411 832 4463 etc.
880 4399 1020 4462 Noverit
1036 4400 1232 4463 universitas
1248 4409 1360 4491 vestra
1379 4420 1440 4464 nos

188 4500 228 4563 ad
250 4502 532 4584 presentationem
557 4503 756 4566 dilectorum
781 4502 933 4579 filiorum,
960 4501 1104 4564 Abbatis
1128 4514 1162 4566 et
1187 4512 1370 4567 conventus
1397 4504 1440 4568 de

190 4604 296 4688 Burgo
311 4605 418 4668 sancti
437 4606 533 4682 Petri,
550 4616 765 4688 patronorum
781 4606 919 4669 ecclesie
935 4605 977 4668 de
996 4605 1217 4687 Peychurche,
1233 4605 1391 4670 dilectum
1404 4609 1435 4671 in

189 4706 317 4771 Christo
332 4708 437 4772 filium
452 4708 657 4772 Willelmum
674 4709 716 4772 de
734 4710 854 4791 Burgo,
866 4709 1033 4782 clericum,
1049 4708 1091 4771 ad
1108 4708 1248 4772 eandem
1265 4710 1438 4773 ecclesiam

190 4831 260 4874 cum
292 4812 501 4895 pertinentiis
531 4812 705 4875 admisisse
735 4814 912 4894 ipsumque
943 4814 976 4876 in
1007 4834 1047 4875 ea
1078 4813 1236 4875 canonice
1261 4833 1438 4894 personam

190 4915 375 4993 instituisse,
413 4915 513 4979 salvis
550 4926 610 4979 etc.
672 4915 772 4998 Quod
812 4925 847 4978 ut
885 4925 957 4992 etc,
986 4916 1049 4978 hiis
1088 4915 1236 4991 testibus
1276 4915 1440 4998 Magistro

191 5016 367 5083 Amaurico
390 5020 434 5082 de
458 5019 670 5102 Buggedene‚
690 5018 742 5083 W.
762 5019 805 5082 de
826 5018 1100 5094 Winchecumbe,
1122 5018 1160 5081 R.
1180 5018 1222 5080 de
1246 5017 1384 5082 Oxouia
1407 5032 1441 5085 et

249 5126 319 5180 Vos.
337 5128 372 5181 ll.
1355 5140 1374 5177 R
