3609 5642
597 577 777 675 Episcopi
790 578 1073 652 Lz'ncolnz'ensz's.
1396 603 1463 671 149

201 818 291 881 lacta
316 818 406 900 prius
426 817 638 899 inquisitione
660 837 718 899 per
740 818 789 893 R.‚
807 816 1089 880 Archidiaconum
1113 818 1388 901 Norhamptonie,
1405 841 1463 902 per

201 940 315 1003 quarn,
330 931 401 998 etc.,
416 920 460 983 ad
476 919 618 983 eandem
635 919 801 983 admissus
816 929 867 983 est
890 921 953 982 sub
975 941 1076 984 onere
1096 931 1130 984 et
1151 943 1238 1004 pena
1257 923 1463 997 vicariorum,

201 1034 264 1088 etc.
327 1025 373 1088 Et
406 1023 602 1087 mandatum
641 1031 693 1086 est
723 1023 814 1086 dicto
845 1023 1093 1087 Archidiacono
1124 1035 1169 1101 ut,
1199 1038 1259 1089 etc.
1320 1025 1376 1107 [ln
1411 1025 1464 1088 ilie

202 1126 336 1209 margin
348 1125 417 1209 .·-]
464 1127 596 1190 Desunt
612 1126 719 1189 littere
736 1128 999 1208 presentationis.

200 1505 347 1574 [Williiem
359 1503 393 1557 de
404 1503 635 1571 Norhamptonia,
649 1504 786 1572 chaplain.
799 1505 950 1572 presented
960 1505 993 1572 by
1004 1505 1050 1557 tlte
1063 1505 1150 1558 Prior
1158 1506 1219 1558 and
1234 1507 1406 1574 Conventus
1422 1507 1465 1560 St.

270 1587 423 1650 Andrew's,
437 1586 650 1653 Northampton,
664 1587 689 1638 is
699 1585 845 1638 instituted
853 1587 935 1639 vicar
943 1588 979 1655 os
990 1587 1030 1640 St.
1043 1587 1194 1650 Michaets
1208 1588 1435 1656 lt'oetteampton]

294 1720 436 1785 Snucn
473 1719 687 1783 Mrcnrcns
724 1719 1039 1782 Nounuueroure
1069 1720 1466 1786 urceum—Willelmus

202 1825 248 1888 de
280 1822 557 1905 Norhamptonia,
588 1822 788 1904 capellanus
818 1831 1029 1904 presentatus
1061 1843 1119 1904 per
1150 1823 1295 1885 Priorem
1324 1834 1358 1886 et
1389 1845 1466 1886 con-

202 1937 342 1990 ventum
364 1926 479 1991 Sancti
501 1925 638 1989 Andree
659 1926 927 2008 Norhamptonie
947 1925 990 1988 ad
1010 1926 1166 1988 vicariam
1186 1928 1325 1990 ecclesie
1350 1927 1465 1992 Sancti

206 2029 384 2093 Michaelis
398 2030 676 2112 Norhamptonie,
688 2031 885 2092 auctoritate
898 2029 1255 2106 Concilii'ordinatam
1270 2031 1358 2094 sacta
1377 2032 1467 2113 prius

204 2135 422 2216 inquisitione
445 2155 503 2217 per
529 2134 577 2210 R.‚
594 2133 877 2196 Archidiaconum
902 2133 1178 2215 Norhamptonie,
1195 2155 1380 2216 perquam,
1396 2144 1467 2210 etc.,

204 2237 249 2301 ad
265 2236 408 2301 eandem
426 2236 592 2300 admissus
607 2245 658 2300 est
674 2257 750 2299 cum
772 2257 872 2299 onere
890 2246 925 2299 et
947 2257 1033 2319 pena
1057 2238 1262 2301 vicariorum.
1310 2239 1354 2301 Et
1375 2259 1467 2301 man-

203 2341 324 2405 datum
347 2350 398 2404 est
421 2340 512 2403 dicto
537 2338 784 2402 Archidiacono
808 2349 853 2415 ut,
875 2350 937 2402 etc.
993 2341 1145 2404 Retinuit
1175 2353 1287 2404 autem
1311 2342 1468 2405 dominus

207 2445 399 2527 Episcopus
423 2452 625 2527 potestatem
649 2442 826 2506 ordinandi
853 2443 880 2505 si
904 2445 1025 2506 vicarie
1053 2444 1201 2526 predicte
1224 2444 1303 2526 quid
1333 2455 1468 2527 propter

205 2549 312 2631 ipsius
329 2547 558 2611 modicitatem
575 2547 695 2611 viderit
711 2546 932 2610 adiciendum.

204 2943 317 3010 [Ralpli
327 2958 378 2995 son
389 2942 425 3010 os
431 2941 527 3009 Roger
535 2941 568 2994 cte
577 2940 808 3008 derhamptom'a,
818 2940 986 3003 sub-deucere,
990 2941 1141 3009 presented
1149 2941 1181 3009 by
1192 2941 1292 2994 Robeit
1301 2940 1335 2994 de
1347 2941 1468 3009 Pacilo,

273 3026 299 3078 is
313 3023 460 3077 instituted
469 3029 496 3076 to
507 3023 553 3076 the
564 3022 665 3075 chureii
676 3023 927 3091 ofPaulerspury]

298 3159 647 3236 PIRYE.-RadulsuS‚
678 3159 765 3222 filius
796 3159 920 3241 Rogeri
951 3159 994 3222 de
1030 3161 1307 3243 Norhamptonia,
1337 3159 1469 3222 subdia·

206 3287 324 3342 conuS,
341 3273 552 3348 presentatus
568 3285 627 3347 per
648 3264 833 3328 Robertum
850 3265 893 3327 de
914 3264 1043 3346 Pavilly
1059 3265 1102 3328 ad
1122 3266 1296 3327 ecclesiam
1313 3264 1356 3327 de
1377 3265 1471 3340 Pirie,

207 3370 299 3433 facta
319 3369 410 3451 prius
428 3368 642 3449 inquisitione
663 3387 720 3449 per
740 3368 789 3443 R.,
809 3367 996 3432 Officialem
1018 3368 1256 3431 Archidiaconi
1283 3367 1471 3449 Norhamp-

207 3473 311 3550 tonie,
327 3480 361 3536 et
377 3471 525 3535 admissa
547 3471 777 3553 sollempniter
798 3472 997 3554 purgatione
1021 3482 1089 3534 tam
1112 3473 1215 3554 ipsius
1236 3471 1472 3554 presentatoris

208 3597 313 3659 quarn
345 3575 528 3658 presentati
558 3585 593 3638 et
623 3575 727 3657 patris
757 3575 807 3637 sui
831 3596 931 3656 super
953 3575 1135 3638 collusione
1157 3585 1191 3637 et
1214 3575 1335 3638 illicitis
1358 3574 1471 3637 condi-

208 3681 369 3754 tionibus,
392 3699 457 3760 que
481 3678 679 3742 dicebantur
703 3679 788 3741 inter
812 3679 901 3761 ipsos
926 3679 1150 3755 intervenisse,
1169 3700 1228 3760 per
1247 3699 1319 3761 que,
1339 3688 1409 3754 etc.,
1428 3677 1470 3739 ad

209 3785 355 3848 eandem
372 3781 541 3845 admissus
556 3792 616 3858 est,
631 3793 692 3844 etc.
740 3783 785 3845 Et
801 3783 998 3845 mandatum
1015 3792 1066 3845 est
1081 3783 1173 3845 dicto
1189 3781 1332 3847 Officiali
1351 3792 1395 3855 ut,
1410 3791 1471 3844 etc.

206 4184 323 4254 [noem
331 4183 365 4237 de
376 4183 607 4251 Norhamptonia,
621 4183 760 4251 chaplaire
766 4183 917 4250 presented
924 4182 958 4251 by
968 4183 1066 4250 Heney
1083 4183 1116 4235 de
1128 4182 1235 4244 Allecto,
1249 4184 1274 4234 is
1290 4182 1434 4234 instituted
1444 4186 1471 4233 to

274 4267 321 4320 tite
332 4265 432 4319 durch
444 4267 480 4334 os
486 4265 640 4334 Maedsord,
654 4271 758 4319 vacant
765 4265 798 4332 by
809 4265 855 4317 tiu
861 4266 1038 4333 preserment
1046 4266 1082 4332 os
1088 4265 1202 4332 Rutila]

299 4403 781 4467 MAIDEFORDE.—Robertus
806 4402 848 4465 de
873 4401 1152 4484 Norhamptonia,
1177 4401 1377 4483 capellanus,
1401 4421 1471 4482 pre·

210 4517 364 4571 sentatus
389 4527 448 4590 per
476 4506 660 4570 Henricum
686 4506 728 4569 de
762 4507 888 4569 Alneto
919 4505 962 4569 ad
992 4506 1166 4568 ecclesiam
1199 4505 1242 4567 de
1275 4503 1473 4581 Maidelord,

210 4622 387 4675 vacantem
412 4632 452 4674 eo
475 4609 565 4693 quod
592 4610 765 4687 Radulfus,
782 4611 900 4672 ultimo
924 4619 1031 4672 rector
1053 4608 1215 4689 ejusdem,
1235 4607 1324 4670 aliud
1350 4609 1473 4690 recepit

210 4715 421 4792 beneficium,
444 4724 515 4793 etc.,
542 4715 631 4778 sacta
658 4717 749 4797 prius
781 4715 995 4796 inquisitione
1021 4735 1080 4796 per
1112 4714 1161 4788 R.,
1187 4711 1471 4775 Archidiaconum

213 4818 491 4901 Norhamptonie,
503 4839 561 4900 per
577 4838 688 4900 quarn,
708 4827 779 4895 etc.,
795 4817 837 4880 ad
860 4817 1003 4880 eandem
1024 4816 1190 4879 admissus
1206 4825 1266 4888 est,
1281 4834 1356 4877 cum
1374 4834 1474 4877 onere

209 4932 246 4987 et
273 4943 360 5006 pena
390 4921 596 5010 vicarionrm,
627 4931 688 4985 etc.
736 4923 781 4986 Et
805 4920 1002 4984 mandatum
1033 4929 1084 4982 est
1109 4920 1200 4982 dicto
1226 4917 1472 4980 Archidiacono

208 5037 256 5105 ut,
271 5037 332 5092 etc.
