3609 5642
558 531 735 625 Episcopi
751 529 1033 601 Lincolniensis.
1356 553 1421 623 145

176 773 290 833 Prioris
300 771 343 832 de
360 770 515 843 Caritate,
526 769 635 831 eidem
651 769 789 832 domino
806 769 1031 832 Lincolniensi
1048 769 1137 851 apud
1155 770 1423 833 Dorkecestriam

175 876 204 936 in
229 875 304 936 aula
335 875 421 936 circa
444 872 559 935 horam
584 873 726 955 primam
751 873 899 955 porrexit
931 874 963 935 in
991 873 1053 935 hac
1085 872 1212 936 forma:
1236 875 1424 938 “Reveren-

174 979 299 1040 tissimo
315 976 454 1040 domino
469 987 502 1039 et
522 978 606 1058 patri
624 976 656 1038 in
674 975 806 1039 Christo
825 976 973 1058 Hugoni,
990 976 1053 1039 Dei
1074 979 1182 1058 gratia
1199 977 1423 1040 Lincolniensi

176 1082 350 1164 Episc0p0,
375 1081 490 1143 Frater
513 1079 705 1162 Stephanus
720 1078 854 1142 humilis
875 1080 967 1142 Prior
989 1080 1031 1142 de
1055 1081 1209 1157 Caritate,
1225 1081 1376 1157 salutem,
1392 1091 1425 1144 et

174 1207 245 1248 cum
269 1185 363 1246 omni
387 1184 570 1246 reverentia
593 1194 626 1245 et
649 1182 775 1244 honore
797 1192 951 1265 paratum
975 1203 1013 1246 ac
1037 1193 1230 1265 promptum
1253 1182 1295 1247 ad
1327 1184 1426 1247 bene-

175 1290 292 1372 placita
325 1287 530 1350 famulatum.
591 1285 679 1368 Quia
709 1286 868 1349 dilectum
900 1286 1004 1349 filium
1036 1287 1203 1350 Thomam
1234 1288 1277 1350 de
1309 1288 1427 1370 Longa

174 1393 268 1466 Villa,
285 1391 487 1455 monachum
505 1400 664 1466 nostrum,
682 1389 827 1453 Radulso
842 1390 1013 1471 quondam
1039 1392 1141 1454 Priori
1158 1393 1273 1457 Sancti
1291 1391 1426 1456 Andree

176 1497 439 1579 Norhamptonie
455 1496 487 1558 in
505 1496 649 1577 priorem
667 1495 871 1577 providimus
886 1494 1166 1572 substituendum,
1181 1497 1290 1579 ipsum
1309 1497 1350 1560 ad
1368 1517 1428 1559 vos

175 1600 437 1675 transmittimus,
453 1609 597 1662 uestram
614 1608 769 1680 rogantes
780 1599 1025 1680 paternitatem,
1041 1600 1198 1680 quatinus
1209 1601 1240 1661 in
1258 1598 1320 1662 hac
1333 1609 1426 1681 parte

175 1704 258 1786 quod
282 1713 432 1767 vestrum
455 1714 505 1766 est
529 1703 665 1767 ulterius
687 1703 911 1784 exequamini.
957 1702 1079 1766 Valeat
1102 1705 1289 1767 sanctitatis
1319 1713 1427 1767 vestre

176 1809 350 1872 clementia
366 1809 398 1870 in
415 1810 564 1871 omnium
582 1806 780 1873 Salvatore.”
819 1807 904 1871 Cum
923 1808 1022 1889 igitur
1033 1807 1076 1871 de
1091 1807 1200 1888 sigillo
1216 1808 1332 1871 litteris
1349 1809 1429 1891 ipsis

177 1915 335 1994 impresso
351 1913 499 1995 legitime
515 1922 681 1975 constaret
698 1933 755 1994 per
771 1921 873 1974 testes
886 1911 1016 1992 juratos
1026 1910 1092 1974 fide
1104 1911 1225 1994 dignos
1242 1912 1428 1976 uthabetur

177 2017 315 2092 inferius,
333 2027 366 2079 et
389 2016 479 2097 quod
504 2016 546 2079 de
569 2016 773 2078 conscientia
794 2026 827 2078 et
847 2037 948 2078 manu
976 2016 1079 2097 ipsius
1107 2016 1279 2097 Stephani,
1301 2017 1432 2090 Prioris,

176 2120 298 2182 dictum
321 2119 466 2201 sigillum
490 2119 616 2182 eisdem
643 2118 760 2182 litteris
785 2118 847 2180 fuit
868 2121 1070 2201 appositum,
1086 2118 1254 2200 predictus
1273 2118 1429 2181 dominus

178 2223 363 2305 Episcopus
378 2222 505 2286 dictum
517 2222 684 2285 Thomam
701 2221 743 2284 ad
757 2221 943 2305 predictum
960 2223 1142 2304 prioratum
1160 2223 1275 2288 Sancti
1292 2222 1430 2286 Andree

179 2327 442 2410 Norhamptonie
473 2327 617 2402 admisit,
646 2335 680 2390 et
710 2326 940 2408 sollempniter
969 2348 1028 2409 per
1062 2326 1182 2389 librum
1221 2327 1364 2390 instituit
1396 2328 1429 2390 in

176 2430 298 2506 eadem,
338 2450 450 2493 curam
488 2431 517 2493 ei
556 2429 790 2512 temporalium
829 2439 863 2492 et
900 2430 1121 2511 spiritualium
1159 2431 1363 2493 exteriorum
1393 2441 1428 2494 et

96 2553 101 2564 ·
177 2534 366 2597 interiorum
383 2533 633 2596 committendo.
681 2533 776 2596 Idem
797 2543 910 2596 autem
931 2533 1089 2608 Thomas,
1104 2544 1314 2596 sacramento
1330 2555 1430 2616 super

177 2637 289 2700 librum
307 2637 471 2719 corporali
496 2636 643 2719 prestit0,
659 2636 768 2699 eidem
784 2635 925 2699 domino
943 2636 1112 2718 Episcopo
1135 2637 1329 2700 canonicam
1354 2636 1431 2702 lecit

177 2741 409 2816 obedientiam,
436 2740 644 2822 presentibus
669 2749 702 2802 et
730 2738 955 2802 assidentibus
977 2739 1069 2802 dicto
1092 2739 1230 2802 domino
1252 2740 1431 2824 Episcopo,

180 2845 296 2920 Adam,
322 2843 459 2907 Abbate
488 2843 709 2918 Eineshamie‚
725 2852 758 2905 et
784 2842 955 2906 Willelmo
981 2842 1023 2905 de
1048 2843 1080 2905 la
1100 2843 1205 2919 Mora,
1228 2853 1261 2907 et
1287 2845 1432 2908 Ricardo

178 2948 218 3010 de
254 2948 396 3010 Wodele
420 2996 562 3010 .....
591 2946 763 3009 monachis
803 2946 1027 3022 Eineshamie,
1065 2946 1233 3009 Willelmo
1272 2948 1432 3011 Formen-

178 3053 252 3128 tin0,
269 3051 436 3114 monacho
459 3051 502 3113 de
526 3051 644 3133 Longa
667 3049 766 3125 Villa,
786 3059 865 3113 tunc
890 3059 1048 3113 manente
1071 3049 1160 3132 apud
1186 3051 1377 3128 Newetone,
1397 3062 1432 3115 et

180 3156 324 3218 Roberto
371 3153 565 3231 Grimbaud,
603 3153 767 3216 monacho
813 3154 929 3219 Sancti
974 3154 1111 3217 Andree
1157 3154 1434 3237 Norhamptonie,

180 3258 346 3341 hlagistris
380 3257 527 3320 Henrico
553 3257 595 3320 de
622 3257 754 3334 WelleS,
784 3256 895 3340 Helya
926 3267 959 3320 et
990 3256 1140 3322 Galsrido
1170 3257 1214 3320 de
1243 3257 1433 3336 Glouernia,

182 3361 324 3425 Henrico
356 3361 520 3437 Teissum,
545 3360 691 3423 Radulfo
721 3371 754 3424 et
778 3360 948 3423 Willelmo
970 3359 1013 3424 de
1044 3360 1212 3437 Eborac0,
1230 3361 1376 3425 Ricardo
1400 3363 1430 3425 le

180 3465 351 3541 Deveneis,
377 3465 531 3547 Johanne
558 3465 600 3528 de
628 3465 787 3541 Nortone,
812 3465 963 3527 Waltero
987 3463 1030 3528 de
1056 3465 1236 3541 Prestcote‚
1265 3465 1357 3528 Luca
1387 3467 1430 3531 de

180 3568 321 3645 Oxonia,
345 3569 524 3632 Paschasio
548 3568 589 3632 de
613 3569 794 3644 Wintonia,
817 3577 850 3631 et
876 3567 988 3630 Adam
1011 3566 1053 3630 de
1079 3568 1275 3645 Benintone,
1298 3568 1430 3631 scolari-

179 3673 236 3735 bus
263 3673 526 3749 Oxoniensibus,
555 3673 724 3755 Magistris
752 3671 921 3736 Willelmo
947 3671 990 3734 de
1015 3668 1223 3754 Beningwrd,
1249 3672 1432 3754 capellan0,

180 3777 358 3840 Amaurico
388 3777 431 3840 de
462 3777 631 3858 Bugdene,
665 3774 808 3838 Radullo
838 3774 880 3838 de
912 3774 1091 3838 Waraville
1123 3784 1157 3837 et
1188 3774 1357 3838 Willelmo
1390 3776 1434 3840 de

181 3879 449 3954 Winchecumbe‚
497 3881 665 3942 canonicis
712 3878 1011 3954 Lincolniensibus,
1056 3878 1203 3954 Warin0,
1248 3879 1432 3961 capellan0,

183 3983 348 4066 hlagistris
380 3982 553 4048 Clemente
584 3984 679 4046 Piiun
710 3998 744 4044 et
776 3981 903 4045 Alardo
933 3981 976 4044 de
1007 3980 1179 4056 Arundell,
1211 3981 1355 4044 Ricardo
1386 3982 1429 4046 de

182 4084 323 4163 Oxonia,
344 4085 494 4150 Galfrido
513 4084 556 4148 de
578 4086 680 4148 Moris
701 4095 734 4148 et
754 4085 887 4147 Thoma
908 4084 950 4147 de
972 4083 1123 4164 Askeby,
1142 4085 1267 4147 clericis
1291 4084 1429 4166 predicti

180 4189 301 4253 domini
332 4190 584 4265 Lincolniensis,
604 4191 701 4253 Petro
726 4189 768 4252 de
796 4189 1009 4271 Cotingtone,
1032 4187 1187 4269 Johanne
1213 4188 1255 4250 de
1280 4188 1430 4265 Camera,

181 4291 326 4357 Waltero
357 4293 399 4356 de
439 4293 667 4370 Abodestone,
691 4293 826 4373 Rogero
865 4290 1072 4366 MarescallO,
1102 4291 1236 4372 Rogero
1274 4291 1432 4369 Walensi,

181 4393 347 4459 Willelmo
365 4396 544 4472 Hostiari0,
567 4396 678 4478 Helya
697 4396 831 4472 Cottell,
855 4395 1002 4476 Hugone
1023 4393 1122 4471 Coeo,
1141 4393 1294 4476 Johanne
1318 4395 1432 4478 Vigili,

180 4497 325 4564 Waltero
345 4499 524 4577 Hostiari0,
540 4510 574 4563 et
588 4500 661 4562 aliis
676 4499 719 4562 de
735 4499 838 4562 domo
854 4498 994 4581 predicti
1010 4497 1138 4561 domini
1157 4499 1406 4563 Lincolniensis.

265 4637 421 4700 Probatio
437 4637 521 4719 signi
538 4637 655 4700 litteris
670 4635 867 4718 supradictis
883 4635 1042 4717 impressi.

264 4769 414 4834 Thomas
448 4771 490 4834 de
526 4771 644 4853 Longa
674 4771 773 4847 Villa,
808 4770 991 4833 monachus
1026 4779 1060 4833 et
1095 4770 1258 4847 sacerdos
1294 4770 1433 4851 juratus,

183 4872 259 4936 dicit
289 4875 380 4956 quod
412 4873 560 4938 interluit
589 4883 622 4937 et
660 4873 743 4936 vidit
774 4874 829 4936 ubi
858 4872 1059 4956 Stephanus,
1092 4873 1183 4935 Prior
1204 4872 1247 4935 de
1277 4874 1434 4951 Caritate,

184 4979 311 5059 propria
330 4999 430 5041 manu
446 4979 590 5061 signavit
607 4979 733 5042 litteras
749 4977 957 5060 supradictas
974 4997 1056 5058 quas
1080 4977 1168 5039 idem
1184 4977 1278 5040 testis
1295 4978 1433 5042 domino

241 5085 312 5138 Vou.
333 5085 367 5138 ll.
1353 5101 1371 5138 t
