3609 5642
352 536 425 607 208
697 533 835 606 Rotulz'
858 533 1035 630 Hugonz's
1061 534 1104 606 de
1139 536 1272 607 Welles

349 773 488 849 vicariis,
510 771 692 853 capellanis
717 791 775 854 per
801 772 1108 836 archidiaconatum
1138 773 1383 839 Norhamtonie
1410 778 1610 855 constitutis,
1641 754 1647 763 ¹

349 878 502 952 salutem,
527 878 669 958 gratiam
701 886 735 939 et
770 875 1049 940 benedictionem.
1101 877 1269 941 Noveritis
1300 899 1362 941 nos
1392 880 1435 943 de
1471 902 1608 947 assensu

350 980 510 1045 Willelmi
526 979 645 1043 decani
660 989 695 1042 et
711 980 846 1062 capituli
864 980 968 1043 nostri
988 980 1080 1043 Linc'
1096 982 1299 1046 concessisse
1314 984 1495 1047 venerabili
1521 984 1608 1049 fratri

350 1086 398 1159 R..
426 1083 660 1150 Saresbiriensi
690 1083 860 1166 Episcopo
883 1094 918 1147 et
945 1086 1093 1167 capitulo
1119 1106 1181 1147 suo
1199 1086 1289 1167 quod
1316 1088 1454 1151 mittant
1474 1092 1609 1153 nuntios

348 1210 427 1252 snos
454 1187 677 1271 predicatores
708 1208 767 1269 per
796 1199 906 1252 totum
934 1188 1241 1253 archidiaconatum
1272 1191 1542 1275 Norhamptonie
1567 1194 1609 1258 ad

346 1292 553 1375 querendum
572 1291 772 1354 elemosinas
790 1291 833 1355 de
852 1292 1006 1375 largitate
1029 1304 1064 1355 et
1079 1291 1258 1357 devotione
1285 1294 1432 1359 fidelium
1460 1298 1508 1359 eis
1533 1318 1611 1361 con-

348 1396 501 1460 ferendas
516 1396 559 1458 ad
576 1394 736 1457 fabricam
753 1416 839 1459 nove
859 1396 997 1460 ecclesie
1015 1396 1278 1473 Saresbiriensis,
1294 1398 1389 1461 vobis
1411 1400 1611 1464 mandantes

346 1511 381 1564 et
407 1499 545 1563 firmiter
569 1497 782 1581 injungentes
806 1501 965 1581 quatinus
997 1502 1086 1583 ipsos
1113 1501 1349 1583 predicatores,
1372 1524 1447 1565 cum
1475 1514 1611 1586 propter

350 1604 413 1666 hoc
430 1603 472 1678 ad
489 1623 548 1664 vos
565 1604 724 1678 venerint,
741 1603 886 1685 beninge
901 1604 1101 1687 suscipiatis,
1116 1603 1253 1667 eosdem
1275 1604 1307 1667 in
1330 1605 1459 1687 prelato
1474 1608 1611 1687 negotio

348 1696 418 1770 tarn
442 1706 622 1770 liberaliter
640 1726 741 1787 quam
765 1705 943 1770 efficaciter
968 1717 1212 1788 promoventes.
1260 1708 1331 1770 Nos
1351 1718 1465 1771 autem
1487 1708 1530 1771 de
1548 1709 1610 1772 Dei

349 1811 574 1875 misericordia
595 1809 710 1873 confisi
736 1810 892 1873 omnibus
918 1820 1031 1873 nostre
1046 1810 1189 1873 diocesis
1214 1822 1247 1874 et
1273 1811 1412 1874 aliarum
1429 1812 1611 1889 diocesum,

345 1936 487 1998 quorum
503 1914 672 1978 diocesani
696 1914 730 1977 id
754 1925 862 1977 ratum
887 1914 1073 1991 habuerint,
1089 1936 1166 1978 suas
1192 1916 1392 1979 elemosinas
1420 1914 1463 1979 ad
1485 1916 1610 1979 dictam

346 2020 504 2083 fabricam
526 2018 783 2095 conferentibus,
796 2018 957 2082 confessis
978 2029 1011 2082 et
1032 2040 1109 2083 vere
1139 2020 1376 2101 penitentibus,
1396 2020 1439 2083 de
1460 2019 1610 2101 injuncta

346 2124 408 2186 sibi
432 2124 618 2205 penitentia
643 2123 761 2205 viginti
786 2123 858 2186 dies
882 2124 1086 2199 relaxamus
1113 2123 1336 2187 concedentes
1355 2124 1441 2187 hanc
1462 2123 1611 2207 predica·

346 2230 473 2292 tionem
488 2239 524 2292 et
546 2229 763 2292 relaxationis
786 2238 900 2292 nostre
915 2229 1063 2310 graciam
1088 2248 1108 2291 a
1134 2227 1221 2292 festo
1250 2230 1365 2294 Sancti
1393 2229 1483 2292 Luce
1504 2248 1611 2291 ewan-

346 2332 465 2415 geliste
481 2334 637 2415 proximo
653 2334 807 2397 veniente
823 2352 1023 2415 perannum
1041 2332 1245 2395 duraturam.
1293 2332 1384 2395 Data
1403 2352 1463 2414 per
1473 2351 1608 2395 manum

345 2437 508 2518 Johannis
533 2437 576 2501 de
599 2437 755 2501 Tantone
778 2436 965 2519 cappellani
989 2437 1079 2519 apud
1107 2436 1302 2513 Bannebire,
1330 2435 1348 2498 li
1373 2435 1429 2499 die
1453 2436 1610 2500 Octobris

347 2538 562 2624 pontificatus
578 2542 681 2604 nostri
698 2561 788 2603 anno
804 2562 859 2604 xv.

435 2714 503 2798 [On
519 2715 655 2795 thesace
668 2714 737 2796 .·-]

738 2818 878 2882 Annus
902 2819 1230 2883 Sextusnucruus.

348 2937 422 3002 [Ttre
434 2937 634 3003 institutrbnos
642 2935 781 2987 Walkelin
790 2934 824 2987 rte
834 2935 1058 3003 Abrlramptomb
1068 2940 1094 2986 to
1103 2934 1148 2986 tlte
1156 2934 1257 2986 churclr
1266 2936 1302 3002 of
1308 2933 1442 3002 Harpole,
1452 2950 1496 2987 see
1503 2940 1533 3002 p.
1544 2936 1609 3003 117.]

438 3037 862 3111 HORPOLL'.—Omnibus,
877 3047 938 3100 etc.
988 3037 1126 3099 Noverit
1143 3037 1339 3099 universitas
1356 3047 1466 3101 vestra
1482 3057 1544 3101 nos
1567 3038 1607 3101 ad

349 3143 632 3225 presentationem
673 3141 810 3204 Roberti
843 3139 886 3203 de
919 3140 1052 3203 Salceto
1085 3140 1208 3215 militis,
1241 3140 1371 3222 patroni
1398 3141 1538 3204 ecclesie
1568 3142 1609 3204 de

350 3245 511 3327 Horpoll',
526 3244 685 3308 dilectum
703 3246 736 3307 in
754 3244 887 3308 Christo
905 3243 1007 3306 filium
1028 3242 1253 3306 Walkelinum
1269 3243 1312 3306 de
1330 3243 1360 3305 N
1364 3244 1607 3325 orhamptonia,

347 3348 513 3426 clericum,
529 3349 571 3411 ad
593 3349 734 3411 eandem
751 3348 926 3412 ecclesiam
943 3347 1127 3423 admisisse,
1144 3348 1320 3429 ipsumque
1340 3348 1372 3409 in
1394 3367 1434 3410 ea
1450 3350 1608 3411 canonice

349 3473 524 3535 personam
548 3454 739 3527 instituisse,
759 3453 869 3527 salvis
884 3462 945 3515 etc.
993 3450 1093 3535 Quod
1117 3462 1162 3527 ut,
1185 3461 1247 3514 etc.
1294 3450 1452 3513 Testibus
1474 3462 1509 3515 et
1530 3452 1608 3515 data

348 3557 433 3620 utin
450 3566 541 3619 carta
557 3555 599 3618 de
614 3555 797 3619 Holewelle
814 3558 847 3618 in
864 3555 1135 3618 archidiaconatu
1155 3553 1359 3618 Bedefordie.

347 3828 419 3897 [The
440 3828 597 3879 institution
615 3826 651 3893 os
674 3826 800 3894 Geoffrqv
816 3826 850 3879 dc
877 3826 1037 3879 Nirlwantc
1059 3832 1085 3878 to
1107 3825 1152 3877 the
1174 3825 1276 3878 churclr
1295 3827 1330 3894 os
1343 3824 1553 3893 Hannington,·
1567 3844 1609 3880 sec

408 3915 439 3978 p.
452 3913 520 3973 ns]

437 4012 910 4087 Hammone—Omnibus,
925 4022 986 4075 etc.
1035 4012 1173 4075 Noverit
1197 4012 1395 4075 universitas
1415 4022 1524 4076 vestra
1548 4033 1608 4076 nos

347 4118 390 4182 ad
408 4118 689 4201 presentationem
716 4116 867 4198 Magistri
894 4116 1016 4178 Prioris
1040 4128 1074 4179 et
1090 4127 1274 4180 conventus
1289 4115 1332 4179 de
1354 4115 1608 4199 Sempingham,

348 4232 563 4305 patronorum
580 4220 719 4284 ecclesie
735 4219 777 4282 de
796 4219 1002 4291 Hanintone,
1018 4219 1178 4283 dilectum
1195 4220 1228 4282 in
1249 4219 1383 4282 Christo
1406 4218 1511 4283 filium
1529 4220 1606 4285 Gal-

348 4325 469 4388 fridum
496 4323 539 4387 de
564 4323 764 4401 Wulwarde,
783 4324 950 4399 clericum,
970 4322 1012 4385 ad
1037 4322 1190 4397 eandem,
1214 4333 1285 4399 etc,
1311 4324 1498 4406 ipsumque,
1525 4336 1607 4401 etc.;

348 4430 457 4505 salvis,
471 4437 533 4492 etc.
579 4429 737 4492 Testibus
753 4438 787 4491 et
803 4428 884 4491 data
900 4438 937 4489 ut
954 4448 1054 4510 supra
1070 4436 1163 4490 carta
1180 4428 1343 4509 proxima.

347 4698 419 4765 [Tire
429 4700 585 4752 r'ustr‘tutr'on
597 4698 633 4765 of
644 4698 763 4750 Thomas
773 4698 807 4750 de
818 4698 919 4750 Insula
930 4698 1014 4750 tollae
1026 4698 1157 4763 rricarage
1168 4696 1204 4763 os
1211 4696 1382 4758 Brocklrall,·
1391 4696 1460 4763 Jarr.
1473 4714 1513 4761 ao,
1525 4716 1609 4764 1225,·

411 4798 455 4835 see
460 4785 491 4850 p.
505 4784 573 4846 μᾶ]

437 4884 651 4948 BROCHOLL’
689 4882 1085 4959 Victima-Omnibus,
1122 4892 1183 4946 etc.
1232 4882 1371 4944 Noverit
1409 4882 1606 4946 universitas

348 4998 457 5053 vestra
481 5008 541 5050 nos
564 4988 606 5050 ad
631 4990 912 5069 presentationem
929 4986 1092 5071 Johannis
1113 4986 1210 5049 Wak'
1235 5006 1375 5067 persone
1397 4984 1538 5051 ecclesie
1564 4986 1605 5051 de
