3609 5642
628 551 807 652 Episcopi
822 551 1105 630 Lincolnz‘ensa‘s.
1427 574 1496 649 103

235 792 381 857 eandem
412 803 464 856 est
494 794 659 857 admissus
682 803 716 857 et
740 794 773 856 in
803 814 843 856 ea
870 794 1030 856 canonice
1053 814 1195 876 persona
1226 793 1405 857 institutus.
1452 793 1498 857 Et

237 897 438 960 mandatum
453 906 505 960 est
522 896 769 961 Archidiacono
786 897 817 960 N
821 897 1062 980 orhamptonie,
1078 905 1139 960 etc.

327 1157 396 1241 [On
412 1158 465 1222 the
478 1159 570 1222 dorsa
582 1157 652 1242 :-]

237 1281 325 1346 [Nov.
347 1299 384 1346 η,
406 1299 477 1344 1220,
500 1283 544 1335 the
562 1283 667 1350 Bishop
686 1284 711 1336 ic
725 1283 828 1352 placed
843 1285 873 1335 in
894 1284 996 1352 charge
1016 1283 1052 1350 os
1064 1283 1110 1337 the
1129 1284 1231 1352 Pnooy
1247 1284 1283 1351 os
1295 1284 1448 1352 Daventry.
1470 1284 1501 1336 in

305 1365 466 1419 αιωνιίαηα
494 1366 563 1418 wr'tlr
590 1365 635 1419 tlte
662 1366 781 1419 deciam
803 1367 910 1434 passed
932 1371 964 1419 at
992 1366 1121 1435 Reading
1142 1383 1178 1420 on
1202 1367 1257 1420 Oct.
1280 1385 1314 1434 ³9
1340 1367 1374 1433 by
1394 1365 1502 1435 judges

306 1447 491 1517 delegaadby
502 1448 547 1501 the
558 1448 653 1517 Papa]

330 1556 431 1622 Anno
455 1558 668 1643 pontificatus
694 1558 822 1623 domini
849 1558 1009 1641 Episcopi
1034 1557 1093 1640 xj⁰,
1116 1559 1171 1623 die
1193 1559 1295 1642 Jovis‚
1318 1559 1444 1623 scilicet
1467 1558 1501 1622 in

239 1663 386 1725 crastino
410 1661 527 1727 Sancti
548 1660 694 1739 Martini,
718 1663 837 1725 missus
862 1662 924 1726 suit
956 1662 1043 1725 idem
1077 1663 1274 1745 Episcopus,
1302 1662 1501 1725 auctoritate

238 1763 389 1845 judicum
405 1785 424 1828 a
440 1764 578 1829 domino
600 1767 690 1848 Papa
706 1767 948 1848 delegatorum,
964 1767 997 1828 in
1019 1766 1264 1848 possessionem
1286 1763 1502 1845 subjectionis

241 1869 405 1950 prioratus
435 1870 478 1933 de
510 1869 694 1946 Davintria‚
720 1890 821 1932 causa
848 1871 894 1932 rei
921 1870 1094 1946 servande,
1126 1890 1184 1952 per
1216 1868 1500 1932 Archidiaconum

242 1971 510 2057 Norhamptonie
528 1984 743 2037 executorem
763 1974 912 2036 mandati
933 1973 1118 2049 memorati,
1136 1973 1275 2036 Decano
1296 1972 1360 2036 loci
1380 1983 1503 2056 agente

240 2076 330 2140 vices
345 2076 472 2140 domini
491 2079 648 2160 Episcopi
666 2077 699 2141 in
715 2079 896 2161 hocusque
912 2078 955 2141 ad
972 2077 1154 2141 adventum
1173 2077 1325 2159 Magistri
1342 2075 1503 2160 Th[ome]

239 2178 285 2242 de
302 2180 480 2244 Warewic'.
527 2182 605 2244 Fuit
624 2193 735 2245 autem
752 2181 946 2262 adjudicata
963 2183 1026 2245 ista
1042 2181 1156 2244 missio
1172 2180 1261 2263 apud
1281 2180 1452 2263 Radinges
1469 2180 1502 2243 in

241 2283 386 2348 crastino
404 2284 644 2368 Apostolorum
663 2285 810 2350 Simonis
826 2296 861 2349 et
875 2285 971 2367 Jude.

648 2612 787 2677 Annus
833 2613 1102 2677 Duonacnuus.

241 2745 335 2812 [John
359 2745 394 2798 de
417 2745 545 2808 Einvillz
566 2745 645 2810 clerk,
666 2747 690 2797 is
708 2746 854 2799 instituted
878 2751 906 2799 to
928 2747 973 2799 tae
999 2747 1156 2815 charchas
1174 2747 1348 2816 Ridlmgton,
1371 2747 1504 2808 Rullum,

307 2842 343 2879 on
361 2827 407 2880 the
419 2829 606 2895 presentation
626 2829 661 2897 of
678 2827 802 2881 Wllaeizm
822 2829 857 2881 de
881 2828 1036 2895 Cantilupo,
1060 2829 1094 2896 by
1112 2845 1210 2883 reason
1232 2829 1268 2897 of
1280 2829 1326 2882 tae
1347 2829 1459 2897 mtody
1475 2831 1510 2898 os

308 2908 354 2962 tlte
365 2908 437 2962 land
443 2909 505 2962 and
514 2909 576 2962 heir
584 2910 620 2978 os
631 2909 658 2962 T
654 2910 771 2963 hurston
783 2910 817 2963 de
829 2911 1013 2979 Montesom'.]

332 3029 813 3111 RIDLINGTON¹.-Johannes
833 3029 876 3092 de
898 3029 1041 3106 Einvill’‚
1057 3030 1204 3107 clericus,
1221 3031 1506 3113 presentatus‘per

242 3131 418 3195 dominum
444 3132 650 3196 Willelmum
678 3132 721 3196 de
746 3133 927 3215 Cantilupo
952 3134 995 3197 ad
1020 3135 1196 3197 ecclesiam
1221 3134 1264 3197 de
1292 3134 1503 3217 Ridlington’

244 3235 374 3298 ratione
396 3235 547 3299 custodie
571 3244 656 3299 terre
679 3245 713 3298 et
736 3236 866 3299 heredis
897 3235 1080 3300 Thurstani
1112 3237 1154 3301 de
1184 3237 1391 3313 Montesorti,
1414 3238 1503 3302 facta

243 3339 335 3422 prius
351 3339 565 3422 inquisitione
582 3359 639 3422 per
656 3338 940 3404 Archidiaconum
959 3340 1236 3423 Norhamptonie,
1252 3352 1323 3418 etc„
1335 3341 1501 3405 admissus

243 3453 352 3507 estet
375 3463 517 3526 persona
542 3443 721 3507 institutus.
769 3444 814 3507 Et
837 3444 1033 3507 mandatum
1058 3455 1110 3509 est
1132 3444 1224 3508 dicto
1247 3444 1505 3523 Archidiac0n0,

242 3540 305 3594 etc.
999 3559 1002 3564 ·

244 3787 421 3856 [Richardde
432 3787 527 3848 Flora,
540 3787 678 3856 ckaplain.
690 3789 715 3841 is
726 3789 872 3841 instituted
887 3793 914 3841 to
926 3789 1133 3857 imperpetuo!
1147 3790 1278 3856 orcarage
1289 3789 1325 3856 os
1340 3788 1507 3856 Draughton

309 3885 345 3922 on
365 3868 411 3922 the
425 3870 611 3936 presentation
626 3870 662 3937 os
676 3869 782 3933 Cecilm,
804 3869 849 3922 tlte
870 3869 978 3931 Abbass.
992 3871 1052 3922 aad
1066 3869 1112 3922 tlte
1135 3870 1260 3923 Convent
1273 3869 1308 3937 os
1319 3868 1353 3921 de
1380 3868 1408 3920 la
1432 3869 1507 3932 Pra·

309 3950 355 4003 the
366 3967 440 4004 nunc
451 3967 498 4004 are
510 3957 537 4004 to
547 3953 651 4005 rocetos
657 3969 677 4018 5
689 3952 785 4005 marks
787 3952 869 4020 from
886 3951 933 4004 the
943 3951 1064 4020 charri]

332 4060 748 4126 DRACTON’.-Ricardus
774 4062 817 4126 de
838 4063 946 4139 Flora,
963 4062 1189 4145 cappellanus
1214 4069 1423 4144 presentatus
1448 4080 1507 4142 per

244 4164 403 4230 Ceciliam
443 4164 661 4229 Abbatissam
704 4175 738 4230 et
776 4177 979 4229 conventum
1018 4166 1143 4231 Sancte
1182 4164 1288 4228 Marie
1325 4162 1368 4227 de
1406 4164 1506 4226 Prato

246 4268 515 4351 Norhamptonie
538 4267 581 4332 ad
605 4280 801 4352 perpetuam
825 4269 983 4333 vicariam
1006 4269 1145 4332 ecclesie
1168 4268 1211 4331 de
1235 4265 1402 4342 Dracton’‚
1418 4265 1507 4328 sacta

245 4373 336 4456 prius
374 4371 588 4455 inquisitione
626 4393 684 4456 per
722 4373 771 4448 R.,
810 4371 1094 4435 Archidiaconum
1133 4369 1410 4452 Norhamptonie,
1444 4389 1503 4452 per

245 4495 357 4558 quam,
372 4485 443 4551 etc.‚
459 4473 625 4538 admissus
640 4486 692 4539 est
707 4486 740 4539 et
753 4476 893 4538 vicarius
910 4484 1090 4558 perpetuus
1111 4473 1290 4550 institutus,
1306 4493 1382 4536 cum
1404 4492 1505 4536 onere

245 4589 278 4644 et
295 4599 382 4661 pena
398 4579 603 4642 vicariorum.
652 4579 801 4644 Habebit
816 4589 930 4643 autem
947 4579 1088 4642 vicarius
1107 4578 1242 4640 nomine
1258 4577 1378 4641 vicarie
1399 4586 1505 4640 totam

245 4683 420 4747 ecclesiam
446 4682 535 4746 illam
560 4705 636 4746 cum
661 4685 871 4766 pertinentiis
896 4682 1068 4746 reddendo
1092 4681 1169 4744 inde
1186 4681 1283 4744 dictis
1306 4681 1506 4743 monialibus

246 4789 394 4869 quinque
411 4807 538 4850 marcas
555 4808 683 4851 annuas
700 4789 835 4851 nomine
851 4789 1028 4870 pensionis.
1077 4787 1121 4849 Et
1137 4785 1333 4848 mandatum
1350 4795 1401 4847 est
1416 4784 1507 4847 dicto

246 4889 505 4967 Archidiacono,
519 4901 580 4954 etc.
