3609 5642
578 588 757 685 Episcopi
770 589 1053 661 Lz'ncolm'ensr's.
1399 609 1467 679 245

216 824 282 889 [The
291 824 400 893 Bihhop
414 826 544 891 appoints
557 830 615 877 two
627 826 854 893 representation
868 831 896 878 to
912 830 997 877 aclas
1016 823 1061 877 liis
1073 828 1268 891 sequestratum
1284 824 1315 875 in
1330 822 1375 876 tlte
1390 824 1469 877 arcls-

275 906 411 975 deacomy
421 907 458 974 os
463 907 690 975 thamptom

300 1026 342 1090 H.
360 1028 426 1091 Dei
442 1028 550 1110 gratia
567 1027 810 1092 Lincolniensis
827 1029 1005 1111 episcopus
1021 1026 1150 1091 dilectis
1175 1027 1207 1089 in
1225 1026 1359 1091 Christo
1384 1026 1467 1102 filiis,

216 1130 398 1205 abbatibus,
423 1131 596 1212 prioribus
618 1130 763 1207 decanis,
787 1132 946 1213 personis,
971 1131 1108 1207 vicariiS,
1134 1128 1315 1212 capellanis
1338 1140 1371 1193 et
1394 1128 1467 1192 aliis

216 1254 269 1315 per
282 1233 591 1299 archidiaconatum
609 1234 639 1297 N
643 1234 878 1317 orhamptonie
893 1234 1083 1298 constitutis
1100 1232 1241 1297 salutem
1259 1233 1290 1296 in
1310 1232 1466 1297 Domino.

215 1336 243 1400 N
246 1338 381 1401 overitis
395 1338 485 1419 quod
498 1336 639 1401 dilectos
655 1337 748 1414 filios,
762 1337 968 1401 Willelmum
980 1337 1145 1401 decanum
1155 1336 1199 1401 de
1217 1337 1466 1420 Erningworde‚

214 1453 244 1504 et
271 1441 463 1524 Philippum
489 1441 531 1505 de
556 1441 725 1518 Sideham,
740 1442 960 1525 capellanum,
977 1452 1205 1525 procuratores
1234 1450 1364 1505 nostros
1388 1462 1465 1504 con·

214 1543 379 1606 stituimus
394 1544 437 1607 ad
451 1543 675 1626 recipiendum
692 1556 726 1608 et
736 1544 1003 1621 custodiendum,
1015 1544 1175 1627 quamdiu
1187 1544 1282 1607 nobis
1296 1545 1466 1627 placuerit,

214 1656 381 1729 sequestra
397 1658 510 1711 nostra
525 1646 568 1712 de
583 1649 853 1713 archidiaconatu
872 1648 1147 1731 Norhamptonie.
1196 1648 1233 1712 ln
1250 1647 1345 1729 cujus
1359 1659 1421 1712 etc.

214 2025 354 2091 [Grantto
365 2026 412 2079 the
422 2026 609 2095 Hospitallers
627 2027 664 2094 os
675 2043 694 2079 a
705 2028 823 2093 pensiore
834 2028 871 2095 of
883 2045 916 2091 40
926 2026 1061 2095 slrilliugs
1072 2041 1168 2094 ayeur
1174 2026 1256 2094 from
1267 2026 1313 2079 the
1324 2025 1423 2079 churclt
1436 2026 1472 2094 os

273 2106 405 2176 Halmii]

295 2227 466 2290 Omnibus
482 2238 542 2291 etc.
590 2228 729 2291 Noverit
744 2229 941 2291 universitas
961 2238 1071 2291 vestra
1093 2227 1275 2309 quodcum
1293 2227 1404 2290 dilecti
1429 2228 1462 2289 in

214 2329 342 2393 Christo
368 2331 462 2393 Prior
483 2342 518 2393 et
544 2330 661 2395 iratres
685 2332 872 2414 Hospitalis
894 2330 1078 2413 Jerusalem
1105 2332 1137 2393 in
1161 2330 1295 2414 Anglia,
1314 2332 1467 2395 instituta

214 2453 319 2497 coram
349 2433 448 2497 nobis
474 2436 606 2498 actione
632 2455 732 2517 super
755 2436 902 2517 quinque
928 2436 1047 2497 marcis
1075 2456 1158 2517 quas
1182 2436 1226 2497 de
1251 2434 1391 2497 ecclesia
1421 2434 1464 2498 de

217 2536 387 2614 Holecote,
402 2538 498 2619 cujus
513 2538 555 2601 ad
577 2539 667 2621 ipsos
691 2530 842 2620 spectare
864 2537 1050 2601 dinoscitur
1064 2538 1249 2614 advocatie,
1264 2538 1378 2601 deberi
1401 2538 1463 2600 sibi

213 2641 411 2718 asserebant,
427 2642 460 2704 in
477 2643 671 2707 intentionis
687 2662 746 2705 sue
762 2641 959 2724 probatione
975 2643 1106 2724 penitus
1122 2641 1330 2718 deiecissent,
1347 2662 1407 2704 nos
1422 2640 1465 2704 de

214 2764 374 2807 consensu
398 2755 432 2808 et
456 2745 629 2809 voluntate
650 2745 848 2810 dilectorum
872 2745 1015 2808 filiorum
1044 2745 1095 2808 W.
1122 2746 1248 2808 Decani
1273 2756 1307 2808 et
1330 2745 1466 2827 capituli

215 2850 313 2911 nostri
339 2849 491 2912 Lincoln’
515 2851 718 2914 concessisse
740 2862 773 2913 et
797 2849 930 2912 dedisse
955 2849 1066 2912 divine
1091 2849 1224 2931 pietatis
1249 2849 1370 2912 intuitu
1394 2868 1466 2931 pre-

215 2948 306 3013 dictis
323 2952 430 3014 Priori
446 2961 480 3015 et
497 2951 652 3015 fratribus
668 2953 704 3015 xl
722 2952 847 3016 solidos
871 2972 1001 3016 annuos
1023 2952 1221 3016 deecclesia
1238 2951 1387 3033 predicta
1410 2972 1469 3033 per

215 3075 348 3118 manum
368 3054 502 3118 Radulfi
515 3056 711 3119 Cirencestr)
719 3056 870 3137 ejusdem
881 3056 1022 3119 ecclesie
1038 3056 1183 3130 rectoris,
1192 3067 1226 3118 et
1238 3075 1465 3117 successorum

215 3178 345 3222 suorum
369 3160 425 3241 qui
444 3180 503 3241 pro
523 3170 676 3242 tempore
692 3160 822 3236 luerint,
838 3160 975 3222 nominc
991 3159 1141 3241 perpetui
1159 3158 1309 3221 beneficii
1327 3159 1466 3240 percipi-

215 3263 315 3326 endos
332 3264 367 3326 in
390 3262 522 3327 duobus
539 3265 617 3326 anni
641 3264 801 3339 terminis,
824 3263 950 3326 scilicet
968 3264 1000 3325 in
1022 3261 1107 3325 sesto
1131 3263 1236 3325 sancti
1263 3262 1399 3325 Martini
1416 3284 1465 3325 xx

214 3365 334 3430 solidos
343 3376 379 3431 et
390 3367 423 3429 in
436 3367 646 3431 Pentechost'
660 3388 709 3429 xx
722 3367 867 3443 solid0s;
883 3367 983 3429 salvis
993 3377 1054 3430 etc.
1101 3365 1202 3447 Quod
1219 3376 1255 3429 ut
1272 3375 1466 3449 perpetuam

214 3472 363 3551 optineat
393 3470 584 3535 firmitatem
610 3472 755 3554 presenti
786 3472 911 3552 scripto
936 3470 1080 3554 sigillum
1112 3478 1263 3533 nostrum
1294 3490 1360 3532 una
1390 3489 1466 3532 cum

214 3573 318 3656 sigillo
343 3573 483 3656 predicti
507 3576 644 3657 capituli
671 3576 774 3638 nostri
800 3574 961 3637 duximus
989 3572 1237 3657 apponendum,
1263 3572 1403 3635 testibus
1433 3583 1467 3636 et

214 3674 289 3738 data
313 3686 352 3740 ut
377 3678 411 3739 in
443 3687 534 3741 carta
564 3678 606 3741 de
638 3677 809 3741 Ellesham
840 3687 875 3740 et
905 3675 948 3739 de
978 3676 1161 3739 Torlreseia
1185 3675 1227 3738 de
1251 3675 1398 3739 ecclesiis
1424 3675 1467 3739 de

216 3777 397 3862 Kynereby
419 3790 453 3844 et
477 3780 520 3844 de
544 3781 760 3847 Snarteforde
782 3794 816 3845 et
839 3780 881 3843 de
907 3779 1109 3863 Wykingeb’
1138 3780 1169 3841 in
1196 3777 1465 3841 archidiaconatu

216 3889 394 3956 Lincolnie.

305 4099 376 4183 [On
392 4100 608 4182 ΜΜΓ]
706 4188 846 4253 Annus
870 4201 974 4251 xxm.

214 4317 282 4383 [The
292 4320 450 4372 institution
462 4320 497 4388 of
506 4320 631 4390 Gcoffrey
641 4320 675 4376 de
685 4320 852 4389 Helpestone
862 4327 889 4374 to
900 4322 946 4373 tlte
962 4320 1094 4387 vicamge
1109 4321 1144 4387 os
1155 4318 1307 4387 Helpstouc
1315 4337 1327 4381 ,·
1338 4319 1407 4385 san.
1425 4335 1463 4385 15,

275 4418 340 4467 1²3²
344 4416 360 4461 ,⁴
374 4416 417 4453 see
423 4404 454 4467 p.
467 4402 536 4467 ron]

297 4520 778 4587 HELPESTONE.—Omnibus
793 4534 854 4587 etc.
903 4523 1041 4586 Noverit
1065 4522 1261 4585 universitas
1277 4533 1387 4585 vestra
1402 4544 1463 4587 nos

214 4625 253 4687 ad
281 4626 564 4708 presentationem
588 4627 727 4690 Walteri
751 4628 793 4691 de
819 4628 927 4709 Burg',
950 4647 1089 4709 persone
1112 4627 1250 4689 ecclesie
1270 4626 1313 4689 de
1339 4626 1463 4709 Helpe-

214 4738 316 4807 stone‚
340 4729 465 4793 iactam
495 4728 538 4793 de
568 4752 704 4793 assensu
738 4732 860 4813 Rogeri
889 4730 946 4793 lilii
979 4731 1114 4812 Pagani‚
1142 4731 1271 4812 pat'roni
1302 4729 1462 4809 ejusdem,
1571 4738 1572 4742 ’

214 4831 369 4899 dilectum
385 4833 419 4896 in
437 4832 570 4897 Christo
594 4833 700 4898 filium'
722 4834 909 4899 Galiridum
934 4834 976 4897 de
1003 4834 1219 4916 Helpestone‚
1243 4833 1462 4915 capellanum,

214 4934 254 4998 ad
276 4948 474 5021 perpetuam
498 4937 601 5019 ipsius
625 4938 763 5001 ecclesie
787 4939 942 5001 vicariam
967 4938 1141 5001 admisisse
1165 4938 1340 5019 ipsumque
1364 4937 1396 4999 in
1421 4959 1461 5001 ea

214 5041 368 5103 canonice
395 5040 555 5104 vicariurn
580 5052 779 5125 perpetuum
805 5042 988 5105 instituisse
1013 5062 1088 5105 cum
1119 5061 1219 5105 onere
1250 5039 1460 5103 ministrandi
