3609 5642
327 553 375 622 68
673 551 808 625 Rotuli
831 549 1010 648 Hugonis
1035 551 1080 624 de
1107 550 1238 625 Welles

327 791 471 855 eandem
487 790 653 854 admissus
669 801 728 868 est,
744 802 805 855 etc.
852 791 954 856 Salva
970 791 1120 855 Waltero
1135 791 1178 856 de
1202 791 1446 869 Rauenestone,
1461 790 1584 856 vicaria

328 916 389 957 sua
416 915 517 977 quarn
548 895 649 959 habet
679 895 712 958 in
743 895 872 972 eadem,
901 897 958 978 qui
990 905 1098 959 totam
1128 896 1302 959 ecclesiam
1333 895 1424 959 illam
1455 894 1585 959 tenebit

327 998 572 1080 quoadvixerit‚
593 998 867 1086 reddendoinde
890 999 982 1064 dicto
1010 999 1165 1083 Philippo
1184 1009 1218 1063 et
1242 1000 1487 1062 successoribus
1514 998 1582 1060 suis

327 1123 457 1166 annuos
473 1102 696 1185 quadraginta
716 1102 842 1166 solidos
863 1105 999 1166 nomine
1021 1103 1198 1186 pensionis.
1245 1103 1291 1165 Et
1312 1100 1510 1165 mandatum
1532 1111 1583 1164 est

329 1207 384 1283 M„
412 1206 669 1283 Archidiacono,
697 1217 741 1284 ut,
768 1217 828 1270 etc.
876 1207 922 1270 Et
949 1205 1137 1288 injunctum
1164 1215 1215 1270 est
1240 1205 1391 1289 predicto
1418 1205 1582 1288 Philippo,

327 1310 534 1373 renuncianti
572 1309 702 1392 prefato
739 1309 901 1374 beneficio
939 1311 1172 1393 inperpetuum
1211 1311 1237 1373 si
1276 1331 1343 1373 non
1380 1309 1508 1373 venerit
1538 1308 1580 1371 ad

329 1414 503 1497 proximos
529 1413 662 1477 ordines
692 1413 910 1477 celebrandos
935 1413 990 1477 die
1016 1415 1105 1478 beati
1135 1414 1263 1478 Mathie
1280 1401 1471 1478 ¹Leicestrie
1496 1412 1582 1476 ordi·

327 1518 457 1581 nandus
474 1518 506 1580 in
524 1517 749 1594 subdiacono;
773 1527 806 1581 et
821 1518 921 1581 venit

511 1757 974 1822 &nucerina-Auum
997 1757 1190 1824 Sssrruus
1214 1758 1396 1824 Dscrnus

220 1929 300 1950 -ῆ
321 1907 472 1977 [Hubertin
482 1906 516 1960 de
529 1905 697 1970 constann'ct
704 1905 854 1974 presented
861 1907 895 1975 by
906 1906 950 1960 the
961 1907 1117 1960 Pniarand
1133 1907 1260 1960 Convent
1268 1907 1304 1976 of
1310 1907 1487 1962 Kenilwonlt
1499 1913 1527 1962 to
1537 1908 1583 1962 tlte

387 1990 486 2044 churclr
497 1990 534 2057 of
539 1988 675 2058 Stukeley,
689 2005 726 2042 on
736 1989 782 2042 tlte
798 1989 942 2058 cmficate
957 1992 992 2060 os
1006 1990 1083 2054 Otho,
1103 1990 1148 2044 the
1163 1990 1261 2058 Pope’s
1277 1990 1395 2054 Νκπιίο,
1408 1991 1471 2044 that
1484 1993 1509 2045 it
1523 2007 1583 2045 was

389 2077 500 2134 vacant.
512 2073 537 2124 ἐς
548 2071 695 2124 instincted
696 2075 805 2140 parson
816 2072 941 2141 iterem]

412 2189 867 2256 STIVELEv.—Hubertinus
896 2190 940 2254 de
970 2188 1253 2273 Consl[?fl]encia,
1279 2200 1491 2273 presentatus
1522 2211 1582 2273 per

327 2296 474 2359 Priorem
498 2305 533 2358 et
548 2293 760 2358 Conventum
784 2294 827 2358 de
844 2294 1075 2358 Kenilwurthe
1097 2293 1140 2356 ad
1165 2294 1337 2358 ecclesiam
1363 2293 1405 2357 de
1422 2293 1583 2376 Stiveley,

324 2398 413 2462 facta
429 2400 519 2481 prius
535 2398 749 2480 inquisitione
765 2419 824 2481 per
842 2398 896 2474 M„
908 2397 1192 2461 Archidiaconum
1210 2397 1582 2480 Buckinghamiensem‚

323 2513 357 2566 et
375 2502 539 2585 Magistro
556 2501 677 2577 Otone,
693 2502 816 2564 nuncio
832 2501 960 2564 domini
977 2502 1068 2583 Pape
1087 2521 1187 2584 super
1200 2501 1376 2564 vacatione
1394 2499 1467 2581 ejus
1490 2501 1582 2564 testi·

323 2604 505 2688 ficanteper
527 2625 601 2687 que,
623 2613 694 2681 etc.,
716 2604 759 2667 ad
783 2604 925 2669 eandem
949 2604 1115 2668 admissus
1142 2615 1202 2681 est,
1224 2614 1259 2668 et
1282 2606 1315 2667 in
1342 2624 1382 2667 ea
1407 2604 1470 2667 sub
1495 2624 1582 2686 pena

323 2708 463 2774 Concilii
501 2709 660 2772 canonice
691 2729 832 2791 persona
862 2709 1043 2772 institutus.
1104 2709 1150 2771 Et
1181 2707 1377 2772 mandatum
1408 2717 1460 2772 est
1489 2706 1580 2770 dicto

323 2812 571 2876 Archidiacono
594 2821 640 2890 ut,
663 2822 724 2875 etc.

322 2999 473 3069 [Robertde
485 2999 568 3062 Titne,
576 2998 876 3067 acolytepresentedby
880 2998 961 3066 John
969 2998 1003 3051 de
1013 2999 1095 3063 Tiwe,
1106 2997 1216 3066 knr'grht,
1226 2998 1413 3052 winceburch
1421 2998 1580 3067 oflckferd

387 3081 420 3148 by
436 3096 534 3133 reason
550 3081 585 3148 of
591 3080 636 3132 his
651 3081 763 3149 nestody
778 3081 814 3149 of
827 3080 872 3133 tlte
888 3080 960 3133 land
974 3079 1036 3133 and
1049 3080 1111 3133 heir
1125 3080 1161 3148 os
1170 3079 1295 3149 Geoffrey
1317 3081 1351 3134 de
1372 3081 1533 3149 Aspeliam,
1557 3081 1583 3133 is

388 3162 535 3216 instituted
544 3162 650 3216 thereto.
688 3163 715 3215 Τ
710 3162 745 3215 lte
755 3165 887 3232 mcarage
897 3164 933 3232 of
932 3163 1019 3230 solen,
1031 3163 1134 3232 subject
1142 3169 1169 3215 to
1180 3179 1198 3214 a
1203 3163 1322 3230 pennen
1332 3165 1368 3232 os
1374 3180 1428 3228 eos.
1440 3168 1467 3216 to
1475 3162 1581 3226 Robert,

389 3244 1493 3308 isresn’ved,andRobertistobeordm'nedsumaconatthenmordination.
1527 3243 1584 3297 The

390 3326 563 3394 resignatam
574 3327 611 3395 eff
616 3326 658 3391 R„
671 3327 769 3380 Rector
776 3327 812 3395 of
819 3327 846 3379 Α
843 3326 983 3396 ppeltone.
995 3325 1109 3394 already
1113 3325 1265 3394 presented
1278 3331 1306 3380 to
1321 3326 1368 3380 the
1383 3326 1449 3380 saell
1456 3328 1583 3394 pennen,

391 3408 604 3478 estobenoted]

415 3529 833 3593 IKEFORDE.-Robertus
872 3529 915 3593 de
953 3529 1055 3606 Tiwe,
1092 3530 1242 3607 acolitus,
1280 3538 1491 3612 presentatus
1525 3549 1584 3612 per

327 3635 516 3718 Johannem
532 3633 576 3698 de
588 3635 709 3711 Tiwso,
722 3636 871 3712 militem,
884 3635 927 3698 ad
943 3635 1117 3700 ecclesiam
1133 3635 1176 3699 de
1196 3634 1358 3710 lkesorde,
1371 3635 1499 3698 ratione
1511 3655 1583 3698 cus-

327 3737 419 3805 todie
434 3747 521 3801 terre
535 3747 570 3801 et
586 3737 716 3802 heredis
740 3737 881 3803 Galfridi
897 3739 941 3802 de
957 3738 1151 3822 Appeltone
1173 3758 1275 3822 quam
1300 3738 1410 3814 habet,
1425 3757 1501 3800 cum
1525 3756 1585 3820 per

330 3843 386 3920 M„
412 3840 697 3906 Archidiaconum
729 3841 1080 3924 Bukinghamiensem‚
1105 3852 1140 3907 et
1167 3840 1353 3906 Officialem
1381 3861 1479 3906 suum
1506 3861 1584 3904 con-

329 3956 415 4011 taret
430 3945 544 4008 omnia
559 3965 632 4008 esse
647 3945 683 4007 in
699 3945 870 4028 expedito
885 3945 929 4008 ad
945 3946 1087 4009 eandem
1111 3944 1277 4008 admissus
1299 3955 1360 4020 est,
1375 3955 1436 4008 etc
1483 3943 1585 4010 Salva

331 4049 494 4132 Magistro
519 4048 665 4131 Johanni
692 4050 813 4112 vicaria
838 4070 898 4113 sua
925 4069 1026 4132 quam
1053 4049 1155 4112 habet
1179 4050 1213 4111 in
1238 4048 1366 4127 eadem,
1392 4049 1449 4130 qui
1476 4057 1583 4112 totam

331 4151 420 4215 illam
446 4151 622 4215 ecclesiam
649 4153 776 4216 tenebit
800 4153 1044 4235 quoadvixerit,
1068 4151 1239 4216 reddendo
1262 4150 1354 4215 dicto
1378 4151 1528 4216 Roberto
1550 4161 1585 4215 et

331 4255 576 4319 successoribus
602 4256 669 4320 suis
700 4256 923 4338 quadraginta
948 4255 1073 4319 solidos
1096 4275 1226 4318 annuos
1248 4256 1385 4318 nomine
1407 4255 1586 4337 pensionis,

329 4368 364 4422 et
389 4357 576 4439 injunctum
602 4370 654 4423 est
678 4359 769 4422 dicto
794 4360 953 4435 Robert0‚
968 4359 1031 4422 sub
1054 4378 1140 4442 pena
1163 4358 1351 4422 amissionis
1371 4357 1533 4434 beneficii,
1549 4368 1586 4422 ut

330 4462 373 4527 ad
404 4463 578 4545 proximos
612 4462 746 4527 ordines
776 4464 994 4528 celebrandos
1025 4465 1181 4546 proximo
1211 4473 1288 4546 post
1326 4463 1447 4527 festum
1478 4463 1586 4526 sancti

332 4565 507 4630 Michaelis
522 4585 612 4628 anno
635 4565 848 4648 pontificatus
864 4568 968 4630 nostri
985 4567 1129 4649 septimo
1144 4565 1276 4630 decimo
1291 4567 1403 4630 veniat
1424 4565 1591 4650 [Inserted

329 4669 425 4734 ltere:
450 4670 496 4734 Et
510 4669 647 4752 quidem
664 4669 770 4753 venit]
791 4681 871 4734 tunc
887 4670 1093 4734 ordinandus
1112 4671 1144 4734 in
1169 4670 1384 4734 subdiacono.
1432 4671 1478 4735 Et
1493 4691 1587 4734 man-

329 4773 445 4836 datum
473 4782 524 4836 est
549 4773 641 4837 dicto
669 4773 917 4837 Archidiacono
944 4785 989 4847 ut.
1016 4784 1077 4837 etc.
1124 4774 1381 4838 Memorandum
1412 4773 1456 4838 de
1485 4774 1587 4857 resig-

330 4875 466 4938 natione
494 4874 543 4953 R.,
567 4878 702 4940 rectoris
732 4877 870 4941 ecclesie
893 4876 937 4941 de
961 4877 1163 4959 Appeltone,
1185 4876 1381 4959 cappellani,
1404 4879 1587 4963 presentati

330 4979 420 5064 prius
436 4977 479 5042 ad
496 4977 681 5062 predictam
699 4982 902 5064 pensionem.
