3609 5642
597 558 775 661 Episcopi
797 558 1080 637 Lz'ncolnz‘ensz's.
1398 587 1467 659 215

203 804 281 867 anni
303 824 414 885 usque
430 807 446 834 ‘⁶
460 801 700 867 Ordinavimus
714 802 815 865 etiam
828 801 860 876 '';
883 802 984 864 salvis
1003 811 1063 865 etc.
1111 801 1211 885 Quod
1229 812 1266 865 ut
1281 812 1342 867 etc.
1391 802 1467 866 Hiis

203 907 359 983 testibus,
382 906 538 990 Johanne
561 915 755 987 precentore
780 904 1016 981 Lincolniensi,
1035 904 1086 967 W.
1108 904 1343 969 archidiacono
1366 905 1468 969 Well-

202 1013 283 1087 ensi,
300 1011 479 1093 Magistris
495 1010 549 1073 W.
566 1010 609 1073 de
626 1009 801 1073 Lincolnia
816 1018 850 1071 et
871 1009 1006 1092 Rogero
1026 1008 1068 1073 de
1087 1008 1234 1073 Lakcok'
1249 1020 1283 1073 et
1300 1009 1470 1073 Willelmo

202 1116 245 1179 de
276 1113 570 1190 Winchelcumbe,
601 1114 770 1176 canonicis
811 1111 1109 1189 LincolniensibuS,
1142 1114 1313 1195 Magistris
1344 1113 1396 1176 W.
1427 1111 1470 1176 de

203 1217 469 1300 Beningwurthe
498 1227 532 1281 et
560 1218 599 1280 R.
625 1217 668 1280 de
695 1216 824 1291 Cantia,
841 1216 1030 1297 capellanis,
1057 1216 1221 1299 Magistro
1249 1216 1400 1280 Waltero
1426 1218 1469 1279 de

203 1322 364 1400 Cromba,
381 1322 533 1387 Galfrido
548 1322 592 1385 de
610 1322 725 1397 MoriS,
742 1320 887 1384 Ricardo
903 1321 946 1385 de
963 1320 1086 1397 Oxon‘,
1104 1320 1258 1404 Philippo
1278 1322 1320 1385 de
1338 1321 1469 1403 Lange·

203 1440 286 1511 port,
307 1428 338 1510 J.
360 1428 404 1490 de
425 1426 621 1503 Bannebire,
641 1436 675 1490 et
700 1426 848 1489 Roberto
868 1426 912 1489 de
933 1425 1100 1504 Aketone,
1119 1427 1253 1491 clericis,
1302 1428 1391 1490 Data
1411 1447 1469 1509 per

203 1553 345 1596 manum
367 1542 515 1595 nostram
536 1530 625 1614 apud
650 1531 876 1607 Lidintonam,
896 1530 1005 1593 idibus
1025 1532 1103 1614 Julii
1128 1530 1342 1614 pontificatus
1364 1532 1467 1593 nostri

203 1656 292 1700 anno
308 1657 393 1701 xvn.

203 1894 273 1963 [The
283 1896 448 1947 institution
458 1894 579 1961 osJolm
589 1894 624 1947 de
639 1894 773 1947 Stantem
790 1900 818 1947 to
827 1893 873 1946 tlte
883 1894 1015 1962 vicarage
1025 1895 1061 1964 os
1073 1894 1233 1963 linguae&
1247 1894 1319 1963 July
1335 1912 1374 1957 ει,
1389 1898 1470 1957 [κω

266 1978 439 2045 sapam]

289 2079 460 2144 VICARIA
480 2093 529 2141 DE
551 2078 992 2143 BRIGSTOKE.—Omnibus
1007 2090 1067 2144 etc.
1117 2080 1254 2143 Noverit
1271 2080 1468 2143 universitas

205 2194 315 2245 vestra
337 2204 400 2245 nos
419 2181 463 2246 ad
487 2185 769 2265 presentationem
792 2182 937 2247 Abbatis
961 2194 995 2247 et
1019 2193 1203 2247 conventus
1229 2183 1468 2265 Cyrencestrie,

206 2298 427 2367 patronorum
458 2288 595 2351 ecclesie
625 2286 668 2351 de
699 2288 910 2365 Birckestoc',
941 2287 1099 2351 dilectum
1132 2290 1164 2351 in
1197 2287 1331 2353 Christo
1362 2288 1466 2352 filium

205 2391 398 2472 Johannem
437 2389 480 2455 de
518 2391 692 2467 Stantone,
723 2391 968 2474 cappellanum,
999 2392 1041 2455 ad
1081 2402 1276 2475 perpetuam
1316 2392 1467 2473 ejusdem

205 2497 348 2559 ecclesie
363 2496 531 2571 vicariam,
546 2497 745 2560 auctoritate
761 2496 901 2560 Concilii
919 2517 977 2579 per
998 2516 1058 2558 nos
1078 2494 1277 2573 ordinatam,
1293 2494 1467 2559 admisisse

206 2600 388 2683 ipsumque
404 2600 437 2663 in
453 2620 493 2663 ea
509 2600 669 2664 canonice
684 2600 842 2662 vicarium
860 2609 1060 2681 perpetuum
1077 2600 1260 2663 instituisse
1275 2620 1351 2663 cum
1368 2620 1469 2665 onere

208 2704 422 2767 ministrandi
439 2704 658 2787 personaliter
673 2705 706 2766 in
722 2703 849 2766 eadem.
896 2703 1060 2768 Consistit
1080 2712 1192 2767 autem
1211 2704 1282 2785 ipsa
1298 2704 1418 2767 vicaria
1437 2704 1469 2767 in

207 2817 278 2871 toto
297 2808 465 2889 altaragio
486 2816 556 2871 tam
580 2807 726 2869 matricis
750 2808 888 2869 ecclesie
911 2807 954 2869 de
979 2805 1171 2869 Brickestoc
1193 2828 1295 2889 quam
1321 2808 1471 2891 cappelle

207 2910 248 2974 de
275 2910 470 2977 Stanherne
495 2911 691 2993 pertinentis
716 2909 759 2974 ad
784 2910 926 2974 eandem
955 2921 989 2974 et
1020 2911 1053 2973 in
1084 2920 1156 2974 tota
1186 2920 1273 2974 terra
1297 2910 1471 2981 ,dominica

209 3016 310 3098 ipsius
335 3014 474 3079 ecclesie
494 3034 569 3077 cum
591 3034 709 3077 manso
728 3025 942 3096 competente
962 3024 995 3077 et
1020 3016 1052 3077 in
1078 3014 1207 3078 redditu
1229 3016 1334 3077 assiso
1353 3016 1470 3097 viginti

208 3118 352 3182 duorum
369 3117 552 3181 solidorum
569 3116 610 3180 ad
628 3118 802 3181 ecclesiam
819 3118 927 3200 ipsam
942 3118 1143 3200 pertinente;
1159 3129 1192 3181 et
1208 3117 1314 3181 solvet
1332 3119 1470 3182 vicarius

208 3222 394 3296 sinodalia;
413 3221 494 3285 dicti
510 3241 588 3284 vero
603 3221 754 3284 canonici
771 3221 952 3303 hospitium
972 3220 1207 3284 Archidiaconi
1225 3221 1449 3304 procurabunt
1464 3244 1470 3297 ;

208 3326 307 3389 salvis
328 3336 391 3390 etc.
438 3325 538 3409 Quod
560 3337 596 3387 ut
616 3336 676 3389 etc.
726 3325 802 3388 Hiis
825 3324 976 3402 testibus,
996 3326 1150 3407 Johanne
1174 3336 1367 3407 precentore
1393 3326 1470 3389 Lin-

209 3430 381 3505 colniensi,
401 3428 452 3491 W.
473 3429 708 3492 archidiacono
728 3429 897 3505 Wellensi,
921 3430 1089 3511 Magistris
1111 3430 1149 3491 R.
1170 3428 1213 3492 de
1235 3428 1405 3505 Laccock',
1430 3430 1469 3492 N.

210 3534 249 3597 de
274 3533 456 3610 Evesham,
478 3544 513 3597 et
536 3533 588 3596 W.
612 3532 655 3595 de
678 3533 951 3609 Winchecumbe,
974 3533 1143 3596 canonicis
1171 3532 1470 3609 Lincolniensibus,

212 3638 384 3721 Magistris
401 3637 452 3700 W.
468 3637 511 3701 de
528 3636 742 3719 Benigworth
758 3648 792 3700 et
810 3638 849 3700 R.
865 3637 909 3701 de
931 3638 1059 3714 Cantia,
1075 3638 1288 3720 cappellanis,
1307 3638 1469 3721 Magistro

212 3742 260 3805 W.
272 3742 317 3806 de
334 3742 491 3817 Cromba,
508 3741 655 3804 Ricardo
666 3742 709 3805 de
726 3742 848 3817 Oxon',
866 3740 904 3805 G.
922 3744 964 3805 de
987 3742 1099 3815 Moris
1115 3754 1148 3805 et
1168 3742 1196 3825 J.
1213 3741 1256 3805 de
1274 3741 1469 3818 Bannebire,

210 3846 344 3909 clericis.
392 3844 483 3908 Data
499 3865 558 3926 per
574 3865 710 3907 manum
730 3844 864 3908 Radulfi
881 3845 924 3908 de
941 3845 1129 3921 Wareville,
1145 3846 1295 3909 canonici
1314 3846 1469 3910 Lincoln-

211 3948 317 4025 iensis,
337 3947 429 4030 apud
456 3946 705 4029 Lidingtonam,
726 3950 762 4011 xi
784 3948 945 4012 kalendas
966 3949 1122 4031 Augusti,
1145 3969 1234 4012 anno
1256 3948 1469 4031 pontificatus

211 4054 313 4116 nostri
351 4052 484 4115 decimo
522 4053 675 4133 septimo,
743 4053 868 4116 Littere
906 4074 1006 4135 super
1037 4054 1245 4134 possessione
1278 4054 1467 4136 portionum

210 4167 350 4240 optenta
364 4166 443 4219 sunt
460 4156 545 4219 inter
561 4156 696 4239 negotia
713 4156 800 4221 lacta
816 4177 906 4219 anno
923 4158 1000 4221 xvii.

211 4478 282 4544 [Tre
292 4478 451 4530 institution
460 4478 495 4545 of
500 4476 593 4545 Huglr
604 4478 638 4531 de
648 4477 802 4531 &trentam
814 4484 841 4530 to
851 4478 898 4531 tlte
909 4478 1010 4533 churclr
1021 4478 1056 4546 os
1067 4478 1093 4530 T
1090 4478 1249 4545 iclunarsla]

296 4587 781 4652 TYCHEMERSE.-Omnibus
800 4598 861 4651 etc.
910 4589 1049 4653 Noverit
1068 4590 1264 4653 universitas
1281 4598 1389 4653 vestra
1405 4610 1465 4652 nos

213 4694 253 4757 ad
285 4692 569 4775 presentationem
602 4692 751 4755 Ascelini
789 4691 832 4756 de
871 4693 1064 4769 Sidenham,
1095 4693 1225 4775 patroni
1257 4692 1394 4757 ecclesie
1424 4692 1466 4756 de

213 4795 413 4871 Tichemers‚
437 4788 597 4858 dilectum
629 4796 662 4857 in
694 4795 827 4860 Christo
857 4794 961 4859 filium
997 4798 1177 4880 Hugonem
1205 4796 1247 4859 de
1272 4794 1466 4875 Sidenham,

213 4899 376 4976 clericum,
392 4898 435 4961 ad
454 4896 597 4961 eandem
617 4898 791 4963 ecclesiam
812 4898 987 4963 admisisse
1007 4900 1183 4983 ipsumque
1203 4898 1235 4961 in
1251 4920 1291 4961 ea
1307 4899 1466 4963 canonice

215 5022 389 5097 personam
416 5001 608 5079 instituisse,
630 5002 729 5065 salvis
756 5014 818 5067 etc.
864 5001 964 5087 Quod
993 5012 1030 5066 ut
1053 5013 1115 5068 etc.
1163 5002 1238 5065 Hiis
1265 5002 1415 5081 testibus,
1437 5004 1465 5085 J.
