3609 5642
609 591 788 690 Eprscepe‘
810 591 1094 667 Lineelne'ensis.
1429 616 1476 688 73

221 835 574 919 Bukinghamiensem,
590 856 649 918 per
664 855 775 918 quam,
790 845 861 914 etc,
884 835 927 898 ad
943 835 1086 900 eandem
1103 835 1268 899 admissus
1281 847 1342 912 est,
1357 846 1428 912 etc,
1443 845 1478 899 et

220 960 298 1003 cum
329 960 431 1004 onere
460 950 495 1004 et
525 961 620 1023 pena,
643 952 704 1005 etc.
750 941 914 1005 Consistit
944 950 1056 1004 autem
1088 941 1161 1023 ipsa
1190 942 1312 1004 vicaria
1342 941 1375 1003 in
1406 950 1478 1003 toto

220 1043 385 1126 altaragio
400 1045 503 1127 ipsius
520 1045 700 1127 parrochie,
716 1046 868 1128 exceptis
885 1046 1022 1108 minutis
1038 1043 1177 1108 decimis
1192 1044 1235 1109 de
1250 1046 1341 1108 curia
1358 1046 1479 1108 Prioris

220 1149 305 1212 etin
333 1147 471 1211 decimis
495 1149 673 1232 garbarum
701 1149 841 1213 dimidie
856 1149 936 1213 hide
961 1159 1055 1224 terre,
1079 1169 1180 1231 quam
1207 1149 1377 1213 Robertus
1393 1148 1479 1212 filius

222 1251 374 1316 Gervasii
390 1262 491 1329 tenet,
507 1273 584 1316 curn
607 1251 746 1317 decimis
762 1251 828 1316 seni
852 1252 1004 1334 ejusdem
1028 1263 1122 1329 terre,
1137 1263 1172 1316 et
1195 1253 1227 1315 in
1252 1252 1390 1315 decimis
1405 1272 1478 1335 gar·

223 1355 341 1418 barum
357 1365 392 1420 et
407 1355 474 1420 feni
489 1356 627 1420 dimidie
644 1357 771 1440 virgate
786 1367 872 1420 terre
895 1377 997 1439 quam
1015 1356 1183 1419 Walterus
1206 1356 1358 1420 Tresbon
1378 1366 1479 1432 tenet,

222 1461 310 1524 etin
336 1481 454 1524 manso
478 1471 698 1544 competente.
746 1462 791 1524 Et
822 1461 1018 1524 mandatum
1042 1469 1094 1524 est
1118 1459 1210 1524 dicto
1232 1460 1479 1524 Archidiacono

222 1573 269 1641 ut,
284 1575 344 1628 etc.

438 1737 899 1805 Bunruonnun.-Auuvs
928 1740 1059 1805 Novus
1083 1741 1266 1806 Dacuuus.

221 1871 360 1940 [Ricltard
367 1873 401 1925 de
416 1873 490 1931 Tan',
502 1873 639 1940 chaplein,
647 1872 796 1939 presented
803 1872 837 1941 by
846 1871 891 1926 tlte
899 1872 1053 1926 Priorand
1063 1872 1190 1926 Conveni
1194 1875 1230 1942 of
1236 1872 1376 1925 Nerenten
1387 1871 1481 1940 Leug-

287 1953 355 2006 ville
366 1959 392 2007 te
401 1954 446 2007 the
456 1953 557 2007 churclr
569 1955 605 2022 os
614 1955 699 2008 Great
708 1953 856 2016 Herueood
869 1955 915 2007 the
926 1954 1065 2008 niede'eties
1075 1958 1110 2023 os
1116 1954 1208 2008 renuti
1219 1969 1293 2007 were
1303 1953 1402 2007 united
1410 1953 1479 2006 witti

288 2035 361 2088 tteeir
369 2042 483 2100 commi,
497 2036 675 2089 esirrstituted
683 2036 791 2090 thereto.
826 2036 952 2089 Riclrerd
959 2036 1186 2104 ltadprevteusly
1196 2035 1260 2089 been
1266 2035 1414 2104 presented
1424 2041 1452 2088 te
1461 2050 1480 2087 a

287 2117 839 2186 vacantmede'etybytteesamepatrom.l

312 2237 754 2301 HOREWODE.-Ricardus
779 2237 822 2300 de
845 2238 929 2314 Tan,
956 2237 1156 2320 capellanus,
1180 2246 1390 2319 presentatus
1421 2258 1480 2320 per

223 2341 369 2405 Priorem
386 2351 420 2404 et
435 2350 637 2404 conventum
654 2340 697 2404 de
714 2340 889 2422 Longville
906 2339 948 2404 ad
972 2340 1147 2404 ecclesiam
1164 2340 1208 2404 de
1225 2339 1415 2405 Horewode
1436 2340 1479 2404 de

223 2446 370 2528 ipsorum
393 2464 558 2507 consensu
580 2443 830 2521 unitam,'iacta
854 2444 944 2526 prius
960 2445 1175 2526 inquisitione
1198 2465 1257 2526 per
1281 2444 1336 2520 M.,
1360 2443 1478 2508 Archi-

221 2548 401 2612 diaconum
419 2547 770 2630 Bukinghamiensem,
788 2569 846 2630 per
867 2568 979 2630 quam,
1001 2557 1073 2624 etc,
1088 2547 1130 2611 ad
1147 2548 1290 2611 eandem
1313 2547 1479 2612 admissus

221 2663 281 2730 est,
311 2663 371 2716 etc.
418 2652 464 2715 Et
503 2651 698 2714 mandatum
738 2661 788 2714 est
826 2650 918 2714 dicto
953 2650 1201 2714 Archidiacono
1235 2661 1280 2728 ut,
1317 2661 1378 2715 etc
1434 2653 1480 2716 Et

221 2755 395 2822 sciendum
418 2754 509 2838 quod
534 2754 621 2819 idem
647 2753 812 2818 Ricardus
834 2754 877 2818 ad
900 2774 1001 2818 unam
1030 2754 1246 2818 medietatem
1276 2775 1321 2819 ex
1348 2755 1478 2819 dudum

221 2869 397 2924 vacantem
414 2880 473 2942 per
489 2857 656 2941 predictos
672 2867 832 2940 patronos
849 2859 940 2941 prius
955 2857 1062 2922 fuerat
1085 2868 1303 2941 presentatus

220 3029 362 3099 [William
382 3028 416 3081 de
433 3028 580 3098 lugebam,
604 3027 743 3094 chaplain,
762 3028 910 3095 presented
928 3028 962 3096 by
988 3027 1111 3080 William
1134 3028 1169 3080 de
1190 3028 1326 3097 Engelby,
1345 3035 1435 3082 rector
1450 3031 1486 3096 of

288 3110 423 3179 ctetfent
431 3110 471 3164 St.
486 3111 568 3169 Giles,
580 3111 605 3162 ir
616 3109 761 3163 instituted
769 3115 796 3163 te
807 3110 852 3163 the
862 3112 994 3178 ve'cdmge
1011 3109 1121 3179 thereos
1132 3110 1202 3163 witti
1219 3109 1264 3163 tlte
1280 3115 1374 3162 assent
1387 3111 1424 3179 os
1435 3110 1481 3163 the

281 3200 405 3264 patronis,
418 3193 464 3246 tlte
474 3193 562 3246 Prior
570 3192 630 3246 aeid
641 3192 766 3245 Conment
774 3193 810 3261 os
816 3191 980 3261 Bradwell.]

309 3313 526 3377 CHAUFUNT
558 3310 966 3375 VICAR1n.—Willelmus
999 3310 1043 3373 de
1075 3310 1247 3392 lngeham,
1277 3310 1479 3392 capellanus,

222 3427 432 3501 presentatus
456 3436 515 3498 per
537 3414 743 3478 Willelmum
767 3414 810 3477 de
835 3414 1000 3496 Engelby,
1016 3423 1178 3477 rectorem
1201 3413 1340 3477 ecclesie
1363 3414 1479 3480 Sancti

224 3520 336 3605 Egidii
366 3520 409 3584 de
439 3519 618 3594 Chaufont‚
648 3518 690 3581 ad
730 3519 833 3601 ipsius
862 3517 1002 3581 ecclesie
1040 3518 1207 3593 vicariam,
1237 3518 1479 3582 interveniente

223 3625 345 3689 Prioris
375 3633 409 3687 et
430 3631 614 3685 conventus
645 3621 688 3684 de
713 3621 928 3698 Bradewelle,
957 3630 1184 3703 patronorum,
1214 3640 1360 3697 assensu,
1391 3619 1480 3684 sacta

222 3730 313 3812 prius
337 3727 551 3809 inquisitione
575 3745 633 3807 per
657 3726 712 3803 M.,
737 3724 1021 3788 Archidiaconum
1047 3723 1398 3806 Bukinghamiensem,
1420 3745 1480 3807 per

221 3851 333 3914 quam,
356 3840 426 3906 etc,
450 3827 492 3891 ad
516 3828 657 3892 eandem
681 3827 847 3891 admissus
870 3837 930 3904 est,
952 3837 987 3890 et
1010 3827 1042 3889 in
1066 3846 1198 3890 cacum
1222 3847 1322 3891 onere
1336 3837 1371 3890 et
1393 3848 1480 3910 pena

222 3935 419 3999 vicariorum
458 3933 618 3996 canonice
656 3933 798 3996 vicarius
837 3933 1016 3995 institutus.
1063 3930 1226 3995 Consistit
1255 3941 1367 3995 autem
1407 3933 1479 4015 ipsa

222 4039 344 4103 vicaria
360 4039 392 4100 in
410 4036 565 4100 omnibus
588 4035 846 4099 obventionibus
868 4035 992 4110 altaris,
1006 4044 1041 4099 et
1057 4035 1193 4098 minutis
1217 4035 1365 4110 decimis,
1387 4045 1422 4098 et
1445 4037 1478 4098 in

223 4142 362 4207 decimis
388 4139 566 4224 garbarum
590 4138 728 4202 dimidie
752 4139 878 4221 virgate
901 4148 986 4202 terre
1010 4139 1207 4221 pertinentis
1229 4138 1272 4202 ad
1295 4139 1479 4216 ecclesiam,

222 4245 322 4310 salvis
335 4263 475 4327 persone
488 4243 642 4305 omnibus
655 4241 805 4305 decimus
816 4241 906 4305 bladi
919 4252 954 4305 et
969 4242 1174 4324 leguminum
1188 4262 1264 4304 cum
1281 4241 1391 4325 [from
1402 4263 1478 4306 cum

223 4361 254 4413 to
269 4349 335 4412 seni
351 4345 508 4429 inserted]
524 4357 610 4410 terra
626 4344 778 4428 [ecclesie
790 4345 818 4429 i]
834 4357 868 4410 et
884 4344 1023 4408 decimis
1038 4344 1113 4408 feni.
1153 4346 1199 4408 Et
1215 4345 1412 4409 mandatum
1428 4356 1479 4410 est

223 4453 313 4518 dicto
326 4449 583 4527 Archidiacono,
598 4458 659 4513 etc.

224 4640 235 4710 [
237 4639 315 4708 John
327 4638 425 4704 ome,
438 4636 576 4704 cnaptain,
582 4636 731 4704 presented
739 4636 772 4704 by
789 4635 834 4689 tlte
849 4635 1005 4689 Pnerand
1022 4635 1147 4688 Conveni
1160 4637 1197 4704 es
1208 4635 1384 4695 Sortthwark,
1396 4636 1422 4688 is
1437 4636 1480 4690 in·

287 4719 402 4774 subaud
410 4724 437 4772 te
448 4717 493 4770 ttee
503 4717 603 4771 chureii
615 4718 738 4786 ofSteke
749 4717 859 4786 Poges.]

312 4840 461 4906 STOKES
493 4837 881 4920 VICARIA.—Johannes
907 4837 1020 4919 Dryw,
1044 4836 1245 4918 capellanus,
1269 4847 1478 4919 presentatus

227 4965 283 5028 per
311 4943 458 5007 Priorem
483 4952 516 5004 et
544 4951 745 5004 conventum
774 4941 815 5004 de
837 4941 995 5005 Suwerclt
1018 4939 1060 5002 ad
1088 4940 1243 5002 vicariam
1269 4940 1406 5004 ecclesie
1436 4941 1479 5005 de

227 5049 349 5115 Stokes
362 5046 464 5128 juxta
486 5044 743 5116 Windlesoram,
759 5044 847 5108 facta
870 5045 960 5126 prius
984 5043 1197 5125 inquisitione
1213 5063 1273 5125 per
1290 5043 1344 5119 M.,
1361 5043 1479 5107 Archi-
