3609 5642
592 577 770 676 Episcopi
793 576 1076 655 Lincolm'eno's.
1393 602 1462 677 213

206 820 331 884 dictum
348 829 401 883 est
411 818 621 901 capellanum
637 805 775 883 habebit
785 822 912 884 socium
930 822 962 883 in
979 843 1019 885 ea
1034 824 1191 886 continue
1203 824 1463 901 ministrantem;

206 924 303 988 salvis
333 931 396 986 etc.
444 923 492 987 Ut
523 932 635 987 autem
668 924 729 988 hec
760 924 927 989 ordinatio
959 935 1073 989 nostra
1103 937 1175 990 rata
1201 937 1234 990 et
1266 929 1462 993 inconcussa

207 1037 411 1111 permaneat,
437 1048 511 1090 eam
543 1027 586 1090 de
616 1048 779 1091 consensu
808 1028 1003 1092 dilectorum
1030 1029 1172 1093 filiorum
1199 1030 1250 1093 W.
1278 1032 1404 1095 Decani
1428 1044 1462 1096 et

204 1131 340 1214 capituli
358 1133 462 1194 nostri
481 1132 572 1195 Linc’
588 1131 858 1197 confirmavimus
873 1144 908 1197 et
924 1134 1033 1216 sigillo
1049 1146 1163 1199 nostro
1179 1154 1336 1199 unacum
1353 1136 1462 1219 sigillo

205 1236 344 1317 predicti
360 1234 497 1317 capituli
513 1237 616 1298 nostri
633 1238 921 1300 communivimus
964 1237 1039 1301 Hiis
1050 1238 1201 1315 testibus,
1212 1238 1263 1302 W.
1279 1239 1417 1317 decano,
1432 1241 1461 1323 J.

205 1349 408 1420 precentore,
450 1338 595 1402 Ricardo
632 1339 838 1417 cancellario,
874 1340 1030 1422 johanne
1071 1341 1272 1419 subdecano
1312 1343 1461 1407 Roberto

207 1442 381 1506 Lincolnie
395 1452 429 1506 et
445 1442 496 1506 W.
514 1443 650 1508 Stouwe
665 1444 915 1522 archidiaconis
928 1446 1099 1527 Magistris
1116 1445 1153 1509 G.
1171 1446 1213 1510 de
1231 1446 1460 1530 Scardeburg’,

206 1546 355 1610 Waltero
380 1546 522 1623 Blund0,
548 1548 698 1612 Roberto
720 1549 763 1611 de
788 1548 927 1625 Gravel',
952 1549 1127 1632 Stephano
1149 1549 1193 1613 de
1224 1550 1404 1632 Cycestria,
1427 1560 1461 1614 et

206 1647 404 1715 Theobaldo
419 1650 462 1714 de
478 1651 607 1724 Cantia,
624 1653 759 1734 Rogero
774 1652 817 1716 de
834 1653 987 1729 Bristoll’,
1003 1663 1037 1717 et
1062 1654 1211 1717 Roberto
1226 1654 1269 1717 de
1286 1654 1459 1738 Wassing-

207 1755 331 1818 bourne
346 1755 536 1838 capellanis,
562 1756 731 1820 Willelmo
742 1756 785 1820 de
803 1757 953 1835 Avalon',
971 1758 1142 1841 Magistris
1158 1759 1210 1822 W.
1226 1758 1269 1823 de
1287 1758 1461 1823 Lincolnia

205 1872 238 1923 et
253 1860 437 1924 Amaurico
453 1860 495 1924 de
512 1860 726 1943 Buggedene,
740 1861 889 1926 Roberto
898 1862 942 1925 de
955 1862 1074 1925 Brincl‘
1087 1871 1121 1925 et
1134 1862 1283 1925 Waltero
1296 1862 1338 1927 de
1355 1863 1460 1940 Well'‚

206 1965 303 2027 Petro
318 1964 362 2027 de
378 1964 614 2040 Chevremunt‚
631 1964 765 2047 Rogero
780 1965 824 2028 de
848 1964 977 2028 Bohun'
993 1976 1027 2029 et
1050 1965 1221 2029 Willelmo
1236 1966 1278 2029 de
1303 1967 1459 2030 Winche·

205 2068 333 2144 cumbe,
356 2068 525 2131 canonicis
550 2067 847 2131 Lincolniensibus
895 2068 986 2132 Data
1009 2090 1068 2151 per
1094 2089 1230 2132 manum
1260 2069 1393 2133 Radulfi
1417 2070 1460 2135 de

205 2170 393 2248 Waraville,
422 2172 573 2234 canonici
600 2172 854 2247 Lincolniensis,
878 2173 969 2256 apud
999 2172 1207 2236 Lincolniam
1239 2175 1273 2236 in
1304 2176 1460 2258 capitulo,

205 2276 301 2339 tertio
315 2276 450 2339 decimo
465 2274 627 2339 kalendas
644 2275 770 2358 Aprilis
787 2275 1002 2357 pontificatus
1019 2278 1122 2341 nostri
1139 2298 1228 2341 anno
1245 2280 1323 2341 xvii.

158 2609 162 2618 .
203 2532 241 2597 [A
252 2532 362 2584 cham
371 2530 407 2598 os
413 2530 612 2597 confirmaubn,
623 2529 748 2598 granted
755 2535 783 2581 to
795 2529 839 2581 the
845 2530 946 2597 pn'ory
956 2530 992 2596 of
1001 2530 1091 2581 Caslle
1102 2529 1208 2596 Hymel
1214 2548 1219 2593 ;
1239 2531 1310 2599 May
1320 2536 1359 2594 28,
1374 2534 1459 2598 mo]

289 2642 562 2706 Consrnnsno
579 2653 789 2705 rmonncus
808 2654 856 2702 on
868 2640 1017 2704 Cssrno
1031 2640 1382 2706 Invec’.-Omnibus
1397 2654 1458 2707 etc.

205 2746 291 2829 Quia
306 2748 363 2829 pia
379 2757 459 2809 vota
474 2743 622 2808 fidelium
640 2746 695 2828 pio
711 2740 790 2807 s'uut
806 2744 918 2807 favore
930 2746 1171 2828 prosequenda,
1188 2766 1248 2809 nos
1264 2747 1307 2810 de
1322 2768 1458 2811 assensu

204 2850 400 2913 dilectorum
422 2848 565 2912 filiorum
583 2847 741 2912 Willelmi
760 2848 887 2911 Decani
912 2858 946 2911 et
969 2849 1105 2931 capituli
1130 2851 1233 2912 nostri
1253 2850 1344 2913 Linc’
1360 2861 1393 2915 et
1416 2851 1459 2914 de

204 2960 339 3018 assensu
356 2952 479 3016 Vitalis
504 2953 834 3035 Engaynepatroni,
858 2952 1008 3034 Symone
1030 2953 1132 3016 etiam
1158 2973 1300 3034 persona
1321 2956 1459 3018 ecclesie

205 3058 245 3122 de
269 3058 426 3122 lextone
452 3058 691 3133 consentiente,
718 3056 827 3119 locum
854 3056 1059 3120 fundationis
1084 3058 1248 3139 prioratus
1273 3057 1315 3121 de
1340 3058 1459 3123 Castro

207 3160 306 3237 lniel',
335 3181 413 3224 cum
445 3160 602 3223 omnibus
632 3180 697 3242 que
729 3158 893 3222 Ricardus
926 3160 1091 3242 Engayne
1121 3160 1261 3242 predicti
1296 3162 1459 3243 prioratus

205 3263 361 3327 fundator
377 3258 452 3328 Deo
468 3274 501 3327 et
517 3274 632 3327 sancte
650 3264 756 3327 Marie
772 3275 805 3327 et
826 3265 995 3327 canonicis
1020 3264 1225 3340 regularibus
1242 3264 1365 3329 ibidem
1385 3267 1460 3329 Deo

203 3368 422 3431 servientibus
444 3379 478 3431 et
502 3369 535 3430 in
560 3377 757 3451 perpetuum
782 3368 951 3430 servituris
969 3368 1000 3430 in
1025 3367 1173 3443 liberam,
1197 3389 1313 3451 puram
1330 3379 1364 3432 et
1387 3390 1459 3453 per-

205 3482 341 3555 petuam
372 3473 591 3535 elemosinam
626 3472 776 3546 contulit,
806 3472 920 3553 quieta
954 3492 1087 3553 prorsus
1120 3471 1163 3534 ab
1193 3474 1284 3535 omni
1321 3474 1458 3537 seculari

204 3576 337 3639 servitio
363 3586 396 3638 et
427 3577 614 3652 exactione,
638 3577 751 3638 omnia
781 3576 892 3650 etiam,
916 3586 1019 3638 terras
1050 3576 1214 3651 videlicet,
1245 3575 1394 3639 redditus
1425 3590 1459 3642 et

204 3690 396 3743 tenementa
412 3681 445 3742 in
462 3680 585 3742 diocesi
604 3680 829 3741 Lincoluiensi
846 3681 1029 3743 constituta
1046 3681 1088 3743 ab
1105 3680 1178 3742 aliis
1194 3680 1460 3764 quibuscumque

204 3784 420 3847 donatoribus
457 3793 491 3846 et
518 3782 806 3846 confirmatoribus
836 3781 934 3845 dictis
974 3786 1131 3864 prioratui
1162 3794 1196 3846 et
1226 3785 1395 3847 canonicis
1426 3786 1457 3846 in

205 3887 350 3965 liberam,
367 3908 484 3971 puram
500 3897 534 3952 et
551 3896 746 3970 perpetuam
767 3887 986 3950 elemosinam
1004 3888 1134 3964 collata,
1149 3886 1275 3951 eisdem
1291 3889 1459 3951 canonicis

204 3994 288 4057 sicut
313 4014 354 4056 ea
381 3994 461 4076 ipsis
486 3991 574 4074 juste
601 4004 635 4056 et
660 3993 899 4056 rationabiliter
925 4015 1082 4057 concessa
1105 4004 1183 4056 sunt
1206 4002 1239 4056 et
1263 3992 1459 4056 confirmata

203 4098 382 4181 episcopali
406 4098 643 4161 confirmamus
666 4100 886 4173 auctoritate,
917 4098 1009 4161 salvo
1033 4097 1107 4178 jure
1132 4096 1280 4181 predicte
1311 4098 1457 4160 matricis

204 4202 341 4265 ecclesie
371 4201 413 4265 de
446 4202 602 4264 Laxtone
633 4202 664 4263 in
697 4201 862 4277 omnibus
892 4209 926 4263 et
954 4201 1053 4264 salvis
1083 4212 1144 4263 etc.
1191 4200 1292 4283 Quod
1317 4212 1353 4263 ut
1384 4200 1458 4283 [etc.

204 4304 354 4389 sealing]
402 4306 477 4367 Hiis
493 4305 643 4382 testibus
663 4305 818 4386 Johanne
834 4316 1028 4387 precentore
1052 4306 1151 4381 Linc’,
1168 4304 1339 4368 Willelmo
1354 4302 1458 4367 archi·

203 4407 345 4473 diacono
382 4408 553 4484 Wellensi,
592 4408 756 4491 Magistro
788 4410 922 4490 Rogero
960 4408 1002 4471 de
1041 4408 1193 4485 Laccok’,
1233 4406 1379 4471 Radulfo
1416 4407 1458 4470 de

204 4512 391 4588 Wareville,
406 4524 441 4576 et
458 4512 628 4575 Willelmo
640 4513 963 4588 deWinchecumbe‚
976 4514 1145 4577 canonicis
1160 4511 1457 4587 LincolniensibuS,

205 4617 375 4699 Magistris
400 4616 570 4679 Willelmo
592 4616 635 4679 de
660 4616 894 4698 Benigwurthe
917 4627 951 4678 et
970 4616 1114 4680 Ricardo
1138 4617 1181 4679 de
1205 4616 1325 4679 Cantia
1347 4614 1456 4697 capel-

204 4720 294 4797 lanis,
313 4721 478 4801 Magistro
495 4719 645 4783 Waltero
661 4720 703 4783 de
720 4719 874 4792 Crumbe,
891 4718 1044 4783 Galsrido
1064 4720 1106 4783 de
1125 4720 1237 4795 Moris,
1255 4718 1399 4781 Ricardo
1414 4718 1457 4781 de

203 4824 325 4898 Oxon’‚
343 4823 499 4905 Philippo
521 4824 564 4886 de
582 4824 803 4905 langeporte,
828 4822 977 4885 Roberto
1001 4822 1043 4884 de
1067 4820 1224 4885 Akctone
1247 4832 1280 4885 et
1303 4822 1457 4903 Johanne

202 4927 243 4992 de
259 4928 459 5005 Bannebire,
474 4929 607 4991 clericis
655 4929 745 4991 Data
762 4950 820 5011 per
836 4947 973 4990 manum
992 4938 1138 4991 nostram
1156 4929 1245 5010 apud
1263 4927 1457 5011 Tinghurst,

202 5034 321 5113 quinto
338 5031 501 5095 kalendas
516 5033 606 5114 Junii
623 5052 712 5095 anno
728 5032 942 5115 pontificatus
959 5033 1062 5096 nostri
1078 5032 1209 5095 decimo
1225 5030 1376 5113 septimo
