<?xml version="1.0" encoding="UTF-8"?>
<!DOCTYPE html PUBLIC "-//W3C//DTD XHTML 1.0 Transitional//EN"
    "http://www.w3.org/TR/xhtml1/DTD/xhtml1-transitional.dtd">
<html xmlns="http://www.w3.org/1999/xhtml" xml:lang="en" lang="en">
 <head>
  <title>
</title>
<meta http-equiv="Content-Type" content="text/html;charset=utf-8" />
  <meta name='ocr-system' content='tesseract 3.04.00' />
  <meta name='ocr-capabilities' content='ocr_page ocr_carea ocr_par ocr_line ocrx_word'/>
</head>
<body>
  <div class='ocr_page' id='page_1' title='image "./rotulihugonisde00davigoog_0119.png"; bbox 0 0 3609 5642; ppageno 0'>
   <div class='ocr_carea' id='block_1_1' title="bbox 331 519 1230 620">
    <p class='ocr_par' dir='ltr' id='par_1_1' title="bbox 331 519 1230 620">
     <span class='ocr_line' id='line_1_1' title="bbox 331 519 1230 620; baseline -0.004 -20"><span class='ocrx_word' id='word_1_1' title='bbox 331 528 398 600; x_wconf 87' lang='lat'>108</span> <span class='ocrx_word' id='word_1_2' title='bbox 681 521 818 598; x_wconf 83' lang='lat' dir='ltr'>Rotulz&#39;</span> <span class='ocrx_word' id='word_1_3' title='bbox 835 519 1011 620; x_wconf 74' lang='lat' dir='ltr'>Hugom&#39;s</span> <span class='ocrx_word' id='word_1_4' title='bbox 1028 521 1071 596; x_wconf 73' lang='lat' dir='ltr'>de</span> <span class='ocrx_word' id='word_1_5' title='bbox 1097 520 1230 597; x_wconf 79' lang='lat' dir='ltr'>Welles</span> 
     </span>
    </p>
   </div>
   <div class='ocr_carea' id='block_1_2' title="bbox 321 764 1587 1265">
    <p class='ocr_par' dir='ltr' id='par_1_2' title="bbox 321 764 1587 1265">
     <span class='ocr_line' id='line_1_2' title="bbox 323 764 1587 850; baseline -0.002 -19"><span class='ocrx_word' id='word_1_6' title='bbox 323 767 537 850; x_wconf 85' lang='lat' dir='ltr'>inquisitione</span> <span class='ocrx_word' id='word_1_7' title='bbox 554 787 612 849; x_wconf 90' lang='lat' dir='ltr'>per</span> <span class='ocrx_word' id='word_1_8' title='bbox 628 766 677 844; x_wconf 69' lang='lat' dir='ltr'>R„</span> <span class='ocrx_word' id='word_1_9' title='bbox 691 765 974 829; x_wconf 84' lang='lat' dir='ltr'>Archidiaconum</span> <span class='ocrx_word' id='word_1_10' title='bbox 992 764 1268 847; x_wconf 90' lang='lat' dir='ltr'>Norhamptonie,</span> <span class='ocrx_word' id='word_1_11' title='bbox 1283 774 1354 839; x_wconf 86' lang='lat' dir='ltr'>etc,</span> <span class='ocrx_word' id='word_1_12' title='bbox 1369 764 1587 847; x_wconf 85' lang='lat' dir='ltr'>dispensante</span> 
     </span>
     <span class='ocr_line' id='line_1_3' title="bbox 321 867 1587 951; baseline -0.002 -17"><span class='ocrx_word' id='word_1_13' title='bbox 321 873 423 934; x_wconf 91' lang='lat' dir='ltr'>etiam</span> <span class='ocrx_word' id='word_1_14' title='bbox 454 891 530 934; x_wconf 90' lang='lat' dir='ltr'>curn</span> <span class='ocrx_word' id='word_1_15' title='bbox 561 891 602 933; x_wconf 90' lang='lat' dir='ltr'>eo</span> <span class='ocrx_word' id='word_1_16' title='bbox 632 869 771 933; x_wconf 90' lang='lat' dir='ltr'>domino</span> <span class='ocrx_word' id='word_1_17' title='bbox 804 870 894 951; x_wconf 88' lang='lat' dir='ltr'>Papa</span> <span class='ocrx_word' id='word_1_18' title='bbox 925 889 1001 931; x_wconf 87' lang='lat' dir='ltr'>cum</span> <span class='ocrx_word' id='word_1_19' title='bbox 1032 869 1114 931; x_wconf 89' lang='lat' dir='ltr'>alias</span> <span class='ocrx_word' id='word_1_20' title='bbox 1144 879 1232 931; x_wconf 91' lang='lat' dir='ltr'>esset</span> <span class='ocrx_word' id='word_1_21' title='bbox 1262 867 1490 945; x_wconf 64' lang='lat' dir='ltr'>beneficiatus</span> <span class='ocrx_word' id='word_1_22' title='bbox 1513 878 1587 945; x_wconf 82' lang='lat' dir='ltr'>etc,</span> 
     </span>
     <span class='ocr_line' id='line_1_4' title="bbox 322 971 1586 1055; baseline -0.002 -17"><span class='ocrx_word' id='word_1_23' title='bbox 322 973 488 1038; x_wconf 90' lang='lat' dir='ltr'>admissus</span> <span class='ocrx_word' id='word_1_24' title='bbox 518 983 569 1036; x_wconf 84' lang='lat' dir='ltr'>est</span> <span class='ocrx_word' id='word_1_25' title='bbox 595 982 629 1036; x_wconf 89' lang='lat' dir='ltr'>et</span> <span class='ocrx_word' id='word_1_26' title='bbox 660 993 802 1055; x_wconf 87' lang='lat' dir='ltr'>persona</span> <span class='ocrx_word' id='word_1_27' title='bbox 828 973 1011 1050; x_wconf 90' lang='lat' dir='ltr'>institutus,</span> <span class='ocrx_word' id='word_1_28' title='bbox 1038 971 1131 1035; x_wconf 89' lang='lat' dir='ltr'>salvo</span> <span class='ocrx_word' id='word_1_29' title='bbox 1159 971 1232 1052; x_wconf 89' lang='lat' dir='ltr'>jure</span> <span class='ocrx_word' id='word_1_30' title='bbox 1263 972 1503 1035; x_wconf 91' lang='lat' dir='ltr'>monachorum</span> <span class='ocrx_word' id='word_1_31' title='bbox 1542 971 1586 1035; x_wconf 89' lang='lat' dir='ltr'>de</span> 
     </span>
     <span class='ocr_line' id='line_1_5' title="bbox 324 1075 1587 1161; baseline -0.002 -19"><span class='ocrx_word' id='word_1_32' title='bbox 324 1079 477 1143; x_wconf 89' lang='lat' dir='ltr'>Grestein</span> <span class='ocrx_word' id='word_1_33' title='bbox 508 1079 534 1142; x_wconf 91' lang='lat' dir='ltr'>si</span> <span class='ocrx_word' id='word_1_34' title='bbox 565 1078 655 1161; x_wconf 94' lang='lat' dir='ltr'>quod</span> <span class='ocrx_word' id='word_1_35' title='bbox 687 1077 820 1154; x_wconf 86' lang='lat' dir='ltr'>habent,</span> <span class='ocrx_word' id='word_1_36' title='bbox 847 1097 946 1160; x_wconf 90' lang='lat' dir='ltr'>super</span> <span class='ocrx_word' id='word_1_37' title='bbox 970 1077 1117 1158; x_wconf 90' lang='lat' dir='ltr'>quinque</span> <span class='ocrx_word' id='word_1_38' title='bbox 1147 1075 1262 1139; x_wconf 88' lang='lat' dir='ltr'>solidis</span> <span class='ocrx_word' id='word_1_39' title='bbox 1289 1077 1409 1138; x_wconf 85' lang='lat' dir='ltr'>annuis</span> <span class='ocrx_word' id='word_1_40' title='bbox 1430 1096 1516 1159; x_wconf 90' lang='lat' dir='ltr'>quos</span> <span class='ocrx_word' id='word_1_41' title='bbox 1542 1075 1587 1139; x_wconf 91' lang='lat' dir='ltr'>de</span> 
     </span>
     <span class='ocr_line' id='line_1_6' title="bbox 323 1180 1299 1265; baseline -0.005 -18"><span class='ocrx_word' id='word_1_42' title='bbox 323 1183 441 1247; x_wconf 90' lang='lat' dir='ltr'>eadem</span> <span class='ocrx_word' id='word_1_43' title='bbox 457 1183 597 1247; x_wconf 90' lang='lat' dir='ltr'>ecclesia</span> <span class='ocrx_word' id='word_1_44' title='bbox 613 1191 840 1265; x_wconf 88' lang='lat' dir='ltr'>perceperunt.</span> <span class='ocrx_word' id='word_1_45' title='bbox 888 1181 934 1244; x_wconf 91' lang='lat' dir='ltr'>Et</span> <span class='ocrx_word' id='word_1_46' title='bbox 950 1180 1147 1244; x_wconf 87' lang='lat' dir='ltr'>mandatum</span> <span class='ocrx_word' id='word_1_47' title='bbox 1163 1188 1224 1256; x_wconf 89' lang='lat' dir='ltr'>est,</span> <span class='ocrx_word' id='word_1_48' title='bbox 1239 1189 1299 1243; x_wconf 87' lang='lat' dir='ltr'>etc.</span> 
     </span>
    </p>
   </div>
   <div class='ocr_carea' id='block_1_3' title="bbox 308 1541 1587 1712">
    <p class='ocr_par' dir='ltr' id='par_1_3' title="bbox 308 1541 1587 1712">
     <span class='ocr_line' id='line_1_7' title="bbox 322 1541 1587 1614; baseline -0.002 -17"><span class='ocrx_word' id='word_1_49' title='bbox 322 1545 462 1614; x_wconf 81' lang='lat' dir='ltr'>[Wlliam</span> <span class='ocrx_word' id='word_1_50' title='bbox 474 1545 508 1597; x_wconf 85' lang='lat' dir='ltr'>de</span> <span class='ocrx_word' id='word_1_51' title='bbox 524 1543 623 1604; x_wconf 82' lang='lat' dir='ltr'>Stokes.</span> <span class='ocrx_word' id='word_1_52' title='bbox 639 1542 718 1604; x_wconf 68' lang='lat' dir='ltr'>cleri.</span> <span class='ocrx_word' id='word_1_53' title='bbox 736 1543 761 1595; x_wconf 81' lang='lat' dir='ltr'>is</span> <span class='ocrx_word' id='word_1_54' title='bbox 772 1541 917 1595; x_wconf 76' lang='lat' dir='ltr'>instituted</span> <span class='ocrx_word' id='word_1_55' title='bbox 925 1547 952 1594; x_wconf 84' lang='lat' dir='ltr'>to</span> <span class='ocrx_word' id='word_1_56' title='bbox 969 1541 1014 1593; x_wconf 78' lang='lat' dir='ltr'>tlte</span> <span class='ocrx_word' id='word_1_57' title='bbox 1025 1541 1126 1594; x_wconf 80' lang='lat' dir='ltr'>churclt</span> <span class='ocrx_word' id='word_1_58' title='bbox 1137 1541 1173 1609; x_wconf 84' lang='lat' dir='ltr'>os</span> <span class='ocrx_word' id='word_1_59' title='bbox 1180 1541 1218 1610; x_wconf 78' lang='lat' dir='ltr'>[t]</span> <span class='ocrx_word' id='word_1_60' title='bbox 1227 1542 1408 1610; x_wconf 68' lang='lat' dir='ltr'>Stokquvle</span> <span class='ocrx_word' id='word_1_61' title='bbox 1418 1559 1455 1595; x_wconf 84' lang='lat' dir='ltr'>on</span> <span class='ocrx_word' id='word_1_62' title='bbox 1466 1543 1512 1595; x_wconf 80' lang='lat' dir='ltr'>the</span> <span class='ocrx_word' id='word_1_63' title='bbox 1522 1545 1587 1609; x_wconf 73' lang='lat' dir='ltr'>pre·</span> 
     </span>
     <span class='ocr_line' id='line_1_8' title="bbox 308 1625 852 1712; baseline -0.009 -31"><span class='ocrx_word' id='word_1_64' title='bbox 308 1707 310 1712; x_wconf 19' lang='lat'><strong><em>¹</em></strong></span> <span class='ocrx_word' id='word_1_65' title='bbox 368 1683 370 1687; x_wconf 16' lang='grc' dir='ltr'><em>Α</em></span> <span class='ocrx_word' id='word_1_66' title='bbox 387 1629 522 1680; x_wconf 82' lang='lat' dir='ltr'>sentation</span> <span class='ocrx_word' id='word_1_67' title='bbox 534 1626 570 1694; x_wconf 87' lang='lat' dir='ltr'>of</span> <span class='ocrx_word' id='word_1_68' title='bbox 581 1625 682 1679; x_wconf 74' lang='lat' dir='ltr'>Robert</span> <span class='ocrx_word' id='word_1_69' title='bbox 690 1625 724 1678; x_wconf 81' lang='lat' dir='ltr'>de</span> <span class='ocrx_word' id='word_1_70' title='bbox 735 1625 852 1691; x_wconf 80' lang='lat' dir='ltr'>Stokes]</span> 
     </span>
    </p>
   </div>
   <div class='ocr_carea' id='block_1_4' title="bbox 322 1759 1588 2250">
    <p class='ocr_par' dir='ltr' id='par_1_4' title="bbox 322 1759 1588 2250">
     <span class='ocr_line' id='line_1_9' title="bbox 411 1759 1587 1843; baseline -0.004 -16"><span class='ocrx_word' id='word_1_71' title='bbox 411 1760 801 1827; x_wconf 82' lang='lat' dir='ltr'>STOKEs.-Willelmus</span> <span class='ocrx_word' id='word_1_72' title='bbox 840 1760 882 1823; x_wconf 91' lang='lat' dir='ltr'>de</span> <span class='ocrx_word' id='word_1_73' title='bbox 922 1759 1054 1837; x_wconf 85' lang='lat' dir='ltr'>Stokes,</span> <span class='ocrx_word' id='word_1_74' title='bbox 1091 1760 1239 1837; x_wconf 90' lang='lat' dir='ltr'>clericus,</span> <span class='ocrx_word' id='word_1_75' title='bbox 1277 1770 1489 1843; x_wconf 85' lang='lat' dir='ltr'>presentatus</span> <span class='ocrx_word' id='word_1_76' title='bbox 1528 1781 1587 1842; x_wconf 91' lang='lat' dir='ltr'>per</span> 
     </span>
     <span class='ocr_line' id='line_1_10' title="bbox 325 1864 1587 1947; baseline -0.001 -19"><span class='ocrx_word' id='word_1_77' title='bbox 325 1866 508 1929; x_wconf 89' lang='lat' dir='ltr'>Robertum</span> <span class='ocrx_word' id='word_1_78' title='bbox 525 1865 568 1928; x_wconf 89' lang='lat' dir='ltr'>de</span> <span class='ocrx_word' id='word_1_79' title='bbox 592 1865 715 1931; x_wconf 89' lang='lat' dir='ltr'>Stokes</span> <span class='ocrx_word' id='word_1_80' title='bbox 732 1865 872 1928; x_wconf 89' lang='lat' dir='ltr'>militem</span> <span class='ocrx_word' id='word_1_81' title='bbox 896 1864 939 1927; x_wconf 87' lang='lat' dir='ltr'>ad</span> <span class='ocrx_word' id='word_1_82' title='bbox 963 1864 1138 1928; x_wconf 87' lang='lat' dir='ltr'>ecclesiam</span> <span class='ocrx_word' id='word_1_83' title='bbox 1158 1865 1201 1928; x_wconf 94' lang='lat' dir='ltr'>de</span> <span class='ocrx_word' id='word_1_84' title='bbox 1226 1865 1359 1942; x_wconf 84' lang='lat' dir='ltr'>Stokes,</span> <span class='ocrx_word' id='word_1_85' title='bbox 1384 1864 1471 1929; x_wconf 89' lang='lat' dir='ltr'>sacta</span> <span class='ocrx_word' id='word_1_86' title='bbox 1495 1866 1587 1947; x_wconf 90' lang='lat' dir='ltr'>prius</span> 
     </span>
     <span class='ocr_line' id='line_1_11' title="bbox 323 1969 1588 2053; baseline 0.001 -22"><span class='ocrx_word' id='word_1_87' title='bbox 323 1970 537 2053; x_wconf 87' lang='lat' dir='ltr'>inquisitione</span> <span class='ocrx_word' id='word_1_88' title='bbox 560 1991 619 2052; x_wconf 93' lang='lat' dir='ltr'>per</span> <span class='ocrx_word' id='word_1_89' title='bbox 636 1969 685 2046; x_wconf 92' lang='lat' dir='ltr'>R.,</span> <span class='ocrx_word' id='word_1_90' title='bbox 703 1969 987 2032; x_wconf 87' lang='lat' dir='ltr'>Archidiaconum</span> <span class='ocrx_word' id='word_1_91' title='bbox 1012 1969 1288 2052; x_wconf 89' lang='lat' dir='ltr'>Norhamptonie,</span> <span class='ocrx_word' id='word_1_92' title='bbox 1304 1991 1363 2052; x_wconf 90' lang='lat' dir='ltr'>per</span> <span class='ocrx_word' id='word_1_93' title='bbox 1385 1990 1496 2051; x_wconf 91' lang='lat' dir='ltr'>quam,</span> <span class='ocrx_word' id='word_1_94' title='bbox 1515 1979 1588 2045; x_wconf 81' lang='lat' dir='ltr'>etc,</span> 
     </span>
     <span class='ocr_line' id='line_1_12' title="bbox 322 2072 1587 2155; baseline 0 -19"><span class='ocrx_word' id='word_1_95' title='bbox 322 2073 488 2136; x_wconf 91' lang='lat' dir='ltr'>admissus</span> <span class='ocrx_word' id='word_1_96' title='bbox 511 2083 563 2136; x_wconf 92' lang='lat' dir='ltr'>est</span> <span class='ocrx_word' id='word_1_97' title='bbox 585 2083 620 2137; x_wconf 91' lang='lat' dir='ltr'>et</span> <span class='ocrx_word' id='word_1_98' title='bbox 636 2093 779 2155; x_wconf 89' lang='lat' dir='ltr'>persona</span> <span class='ocrx_word' id='word_1_99' title='bbox 802 2073 995 2149; x_wconf 88' lang='lat' dir='ltr'>institutus;</span> <span class='ocrx_word' id='word_1_100' title='bbox 1018 2084 1053 2137; x_wconf 90' lang='lat' dir='ltr'>et</span> <span class='ocrx_word' id='word_1_101' title='bbox 1069 2072 1269 2136; x_wconf 89' lang='lat' dir='ltr'>mandatum</span> <span class='ocrx_word' id='word_1_102' title='bbox 1292 2084 1344 2137; x_wconf 93' lang='lat' dir='ltr'>est</span> <span class='ocrx_word' id='word_1_103' title='bbox 1359 2074 1451 2137; x_wconf 90' lang='lat' dir='ltr'>dicto</span> <span class='ocrx_word' id='word_1_104' title='bbox 1467 2073 1587 2137; x_wconf 91' lang='lat' dir='ltr'>Archi-</span> 
     </span>
     <span class='ocr_line' id='line_1_13' title="bbox 322 2175 550 2250; baseline -0.004 -11"><span class='ocrx_word' id='word_1_105' title='bbox 322 2175 474 2250; x_wconf 82' lang='lat' dir='ltr'>diacon0‚</span> <span class='ocrx_word' id='word_1_106' title='bbox 489 2185 550 2239; x_wconf 88' lang='lat' dir='ltr'>etc.</span> 
     </span>
    </p>
   </div>
   <div class='ocr_carea' id='block_1_5' title="bbox 322 2431 1587 2582">
    <p class='ocr_par' dir='ltr' id='par_1_5' title="bbox 322 2431 1587 2582">
     <span class='ocr_line' id='line_1_14' title="bbox 322 2431 1587 2502; baseline 0.001 -18"><span class='ocrx_word' id='word_1_107' title='bbox 322 2432 427 2500; x_wconf 72' lang='lat' dir='ltr'>[Ralplr</span> <span class='ocrx_word' id='word_1_108' title='bbox 440 2433 473 2485; x_wconf 79' lang='lat' dir='ltr'>de</span> <span class='ocrx_word' id='word_1_109' title='bbox 485 2432 593 2502; x_wconf 60' lang='lat' dir='ltr'>Blebir’,</span> <span class='ocrx_word' id='word_1_110' title='bbox 605 2431 684 2492; x_wconf 77' lang='lat' dir='ltr'>clerk,</span> <span class='ocrx_word' id='word_1_111' title='bbox 697 2433 722 2484; x_wconf 75' lang='lat' dir='ltr'>rs</span> <span class='ocrx_word' id='word_1_112' title='bbox 734 2431 878 2484; x_wconf 78' lang='lat' dir='ltr'>imtz&#39;tuted</span> <span class='ocrx_word' id='word_1_113' title='bbox 883 2437 910 2484; x_wconf 87' lang='lat' dir='ltr'>to</span> <span class='ocrx_word' id='word_1_114' title='bbox 922 2432 968 2485; x_wconf 75' lang='lat' dir='ltr'>the</span> <span class='ocrx_word' id='word_1_115' title='bbox 976 2432 1075 2486; x_wconf 81' lang='lat' dir='ltr'>church</span> <span class='ocrx_word' id='word_1_116' title='bbox 1088 2433 1125 2500; x_wconf 84' lang='lat' dir='ltr'>os</span> <span class='ocrx_word' id='word_1_117' title='bbox 1136 2433 1284 2501; x_wconf 79' lang='lat' dir='ltr'>Syresham</span> <span class='ocrx_word' id='word_1_118' title='bbox 1295 2449 1332 2486; x_wconf 85' lang='lat' dir='ltr'>on</span> <span class='ocrx_word' id='word_1_119' title='bbox 1344 2433 1389 2486; x_wconf 77' lang='lat' dir='ltr'>tlte</span> <span class='ocrx_word' id='word_1_120' title='bbox 1393 2433 1587 2501; x_wconf 77' lang='lat' dir='ltr'>presentation</span> 
     </span>
     <span class='ocr_line' id='line_1_15' title="bbox 387 2513 980 2582; baseline 0 -14"><span class='ocrx_word' id='word_1_121' title='bbox 387 2515 423 2582; x_wconf 88' lang='lat' dir='ltr'>of</span> <span class='ocrx_word' id='word_1_122' title='bbox 428 2514 474 2567; x_wconf 82' lang='lat' dir='ltr'>tlte</span> <span class='ocrx_word' id='word_1_123' title='bbox 483 2515 573 2568; x_wconf 83' lang='lat' dir='ltr'>Abbot</span> <span class='ocrx_word' id='word_1_124' title='bbox 582 2513 642 2566; x_wconf 78' lang='lat' dir='ltr'>and</span> <span class='ocrx_word' id='word_1_125' title='bbox 653 2514 778 2567; x_wconf 84' lang='lat' dir='ltr'>Convent</span> <span class='ocrx_word' id='word_1_126' title='bbox 787 2514 822 2582; x_wconf 89' lang='lat' dir='ltr'>os</span> <span class='ocrx_word' id='word_1_127' title='bbox 828 2514 980 2579; x_wconf 67' lang='lat' dir='ltr'>Leicester]</span> 
     </span>
    </p>
   </div>
   <div class='ocr_carea' id='block_1_6' title="bbox 322 2650 1587 3255">
    <p class='ocr_par' dir='ltr' id='par_1_6' title="bbox 322 2650 1587 3255">
     <span class='ocr_line' id='line_1_16' title="bbox 410 2650 1587 2735; baseline -0.001 -20"><span class='ocrx_word' id='word_1_128' title='bbox 410 2650 919 2716; x_wconf 80' lang='lat' dir='ltr'>SIGHERESHAM&#39;.—Radulsus</span> <span class='ocrx_word' id='word_1_129' title='bbox 934 2651 977 2714; x_wconf 90' lang='lat' dir='ltr'>de</span> <span class='ocrx_word' id='word_1_130' title='bbox 995 2651 1125 2728; x_wconf 90' lang='lat' dir='ltr'>Blebir&#39;,</span> <span class='ocrx_word' id='word_1_131' title='bbox 1141 2652 1287 2730; x_wconf 87' lang='lat' dir='ltr'>clericus,</span> <span class='ocrx_word' id='word_1_132' title='bbox 1301 2662 1510 2735; x_wconf 86' lang='lat' dir='ltr'>presentatus</span> <span class='ocrx_word' id='word_1_133' title='bbox 1527 2672 1587 2734; x_wconf 91' lang='lat' dir='ltr'>per</span> 
     </span>
     <span class='ocr_line' id='line_1_17' title="bbox 323 2754 1585 2838; baseline 0 -21"><span class='ocrx_word' id='word_1_134' title='bbox 323 2754 493 2818; x_wconf 85' lang='lat' dir='ltr'>Abbatem</span> <span class='ocrx_word' id='word_1_135' title='bbox 513 2765 547 2818; x_wconf 90' lang='lat' dir='ltr'>et</span> <span class='ocrx_word' id='word_1_136' title='bbox 570 2765 771 2817; x_wconf 90' lang='lat' dir='ltr'>conventum</span> <span class='ocrx_word' id='word_1_137' title='bbox 796 2754 993 2817; x_wconf 88' lang='lat' dir='ltr'>Leircestrie</span> <span class='ocrx_word' id='word_1_138' title='bbox 1015 2755 1058 2818; x_wconf 87' lang='lat' dir='ltr'>ad</span> <span class='ocrx_word' id='word_1_139' title='bbox 1082 2755 1256 2819; x_wconf 87' lang='lat' dir='ltr'>ecclesiam</span> <span class='ocrx_word' id='word_1_140' title='bbox 1281 2756 1324 2819; x_wconf 93' lang='lat' dir='ltr'>de</span> <span class='ocrx_word' id='word_1_141' title='bbox 1347 2754 1585 2838; x_wconf 84' lang='lat' dir='ltr'>Sigheresham</span> 
     </span>
     <span class='ocr_line' id='line_1_18' title="bbox 322 2857 1586 2939; baseline 0 -19"><span class='ocrx_word' id='word_1_142' title='bbox 322 2868 498 2920; x_wconf 86' lang='lat' dir='ltr'>vacantem</span> <span class='ocrx_word' id='word_1_143' title='bbox 515 2878 574 2939; x_wconf 90' lang='lat' dir='ltr'>per</span> <span class='ocrx_word' id='word_1_144' title='bbox 591 2857 850 2938; x_wconf 84' lang='lat' dir='ltr'>resignationem</span> <span class='ocrx_word' id='word_1_145' title='bbox 869 2858 1007 2920; x_wconf 90' lang='lat' dir='ltr'>Roberti</span> <span class='ocrx_word' id='word_1_146' title='bbox 1024 2858 1067 2921; x_wconf 90' lang='lat' dir='ltr'>de</span> <span class='ocrx_word' id='word_1_147' title='bbox 1085 2860 1274 2935; x_wconf 89' lang='lat' dir='ltr'>Dunelmia,</span> <span class='ocrx_word' id='word_1_148' title='bbox 1285 2859 1404 2935; x_wconf 89' lang='lat' dir='ltr'>clerici,</span> <span class='ocrx_word' id='word_1_149' title='bbox 1418 2858 1586 2922; x_wconf 90' lang='lat' dir='ltr'>admissus</span> 
     </span>
     <span class='ocr_line' id='line_1_19' title="bbox 322 2960 1586 3043; baseline 0 -19"><span class='ocrx_word' id='word_1_150' title='bbox 322 2971 374 3024; x_wconf 89' lang='lat' dir='ltr'>est</span> <span class='ocrx_word' id='word_1_151' title='bbox 389 2972 423 3025; x_wconf 90' lang='lat' dir='ltr'>et</span> <span class='ocrx_word' id='word_1_152' title='bbox 439 2980 581 3043; x_wconf 87' lang='lat' dir='ltr'>persona</span> <span class='ocrx_word' id='word_1_153' title='bbox 596 2961 778 3036; x_wconf 78' lang='lat' dir='ltr'>institutus¹</span> <span class='ocrx_word' id='word_1_154' title='bbox 794 2960 887 3024; x_wconf 86' lang='lat' dir='ltr'>salva</span> <span class='ocrx_word' id='word_1_155' title='bbox 906 2961 1004 3024; x_wconf 86' lang='lat' dir='ltr'>dictis</span> <span class='ocrx_word' id='word_1_156' title='bbox 1021 2962 1148 3025; x_wconf 86' lang='lat' dir='ltr'>Abbati</span> <span class='ocrx_word' id='word_1_157' title='bbox 1169 2972 1203 3026; x_wconf 91' lang='lat' dir='ltr'>et</span> <span class='ocrx_word' id='word_1_158' title='bbox 1222 2964 1401 3026; x_wconf 90' lang='lat' dir='ltr'>conventui</span> <span class='ocrx_word' id='word_1_159' title='bbox 1416 2963 1531 3026; x_wconf 89' lang='lat' dir='ltr'>debita</span> <span class='ocrx_word' id='word_1_160' title='bbox 1551 2972 1586 3025; x_wconf 93' lang='lat' dir='ltr'>et</span> 
     </span>
     <span class='ocr_line' id='line_1_20' title="bbox 322 3064 1587 3149; baseline 0.001 -20"><span class='ocrx_word' id='word_1_161' title='bbox 322 3067 461 3148; x_wconf 90' lang='lat' dir='ltr'>antiqua</span> <span class='ocrx_word' id='word_1_162' title='bbox 491 3065 671 3147; x_wconf 86' lang='lat' dir='ltr'>pensione;</span> <span class='ocrx_word' id='word_1_163' title='bbox 695 3075 728 3128; x_wconf 88' lang='lat' dir='ltr'>et</span> <span class='ocrx_word' id='word_1_164' title='bbox 760 3064 947 3146; x_wconf 91' lang='lat' dir='ltr'>injunctum</span> <span class='ocrx_word' id='word_1_165' title='bbox 971 3077 1022 3130; x_wconf 89' lang='lat' dir='ltr'>est</span> <span class='ocrx_word' id='word_1_166' title='bbox 1046 3066 1293 3130; x_wconf 85' lang='lat' dir='ltr'>Archidiacono</span> <span class='ocrx_word' id='word_1_167' title='bbox 1317 3067 1587 3149; x_wconf 87' lang='lat' dir='ltr'>Norhamptonie</span> 
     </span>
     <span class='ocr_line' id='line_1_21' title="bbox 322 3169 1134 3255; baseline 0.001 -21"><span class='ocrx_word' id='word_1_168' title='bbox 322 3171 467 3254; x_wconf 88' lang='lat' dir='ltr'>presenti</span> <span class='ocrx_word' id='word_1_169' title='bbox 485 3180 530 3248; x_wconf 91' lang='lat' dir='ltr'>ut,</span> <span class='ocrx_word' id='word_1_170' title='bbox 546 3181 607 3234; x_wconf 91' lang='lat' dir='ltr'>etc.</span> <span class='ocrx_word' id='word_1_171' title='bbox 655 3169 756 3232; x_wconf 88' lang='lat' dir='ltr'>Nulla</span> <span class='ocrx_word' id='word_1_172' title='bbox 773 3170 861 3234; x_wconf 85' lang='lat' dir='ltr'>iacta</span> <span class='ocrx_word' id='word_1_173' title='bbox 877 3171 941 3235; x_wconf 83' lang='lat' dir='ltr'>fuit</span> <span class='ocrx_word' id='word_1_174' title='bbox 956 3173 1134 3255; x_wconf 91' lang='lat' dir='ltr'>inquisitio.</span> 
     </span>
    </p>
   </div>
   <div class='ocr_carea' id='block_1_7' title="bbox 323 3530 1586 3685">
    <p class='ocr_par' dir='ltr' id='par_1_7' title="bbox 323 3530 1586 3685">
     <span class='ocr_line' id='line_1_22' title="bbox 323 3530 1586 3601; baseline -0.001 -17"><span class='ocrx_word' id='word_1_175' title='bbox 323 3532 436 3599; x_wconf 81' lang='lat' dir='ltr'>[Robert</span> <span class='ocrx_word' id='word_1_176' title='bbox 444 3531 478 3584; x_wconf 83' lang='lat' dir='ltr'>de</span> <span class='ocrx_word' id='word_1_177' title='bbox 489 3531 639 3590; x_wconf 67' lang='lat' dir='ltr'>Bethania,</span> <span class='ocrx_word' id='word_1_178' title='bbox 651 3530 729 3595; x_wconf 72' lang='lat' dir='ltr'>derb,</span> <span class='ocrx_word' id='word_1_179' title='bbox 742 3533 767 3584; x_wconf 84' lang='lat' dir='ltr'>is</span> <span class='ocrx_word' id='word_1_180' title='bbox 786 3532 934 3585; x_wconf 80' lang='lat' dir='ltr'>instituted</span> <span class='ocrx_word' id='word_1_181' title='bbox 941 3537 968 3584; x_wconf 89' lang='lat' dir='ltr'>to</span> <span class='ocrx_word' id='word_1_182' title='bbox 979 3533 1024 3585; x_wconf 79' lang='lat' dir='ltr'>the</span> <span class='ocrx_word' id='word_1_183' title='bbox 1035 3533 1134 3586; x_wconf 80' lang='lat' dir='ltr'>clturclt</span> <span class='ocrx_word' id='word_1_184' title='bbox 1149 3534 1185 3601; x_wconf 89' lang='lat' dir='ltr'>os</span> <span class='ocrx_word' id='word_1_185' title='bbox 1197 3534 1236 3587; x_wconf 85' lang='lat' dir='ltr'>St.</span> <span class='ocrx_word' id='word_1_186' title='bbox 1248 3533 1357 3593; x_wconf 72' lang='lat' dir='ltr'>Peter&#39;s.</span> <span class='ocrx_word' id='word_1_187' title='bbox 1370 3532 1586 3599; x_wconf 76' lang='lat' dir='ltr'>Northampton,</span> 
     </span>
     <span class='ocr_line' id='line_1_23' title="bbox 385 3613 1357 3685; baseline 0.001 -18"><span class='ocrx_word' id='word_1_188' title='bbox 385 3631 422 3668; x_wconf 82' lang='lat' dir='ltr'>on</span> <span class='ocrx_word' id='word_1_189' title='bbox 431 3613 475 3667; x_wconf 78' lang='lat' dir='ltr'>the</span> <span class='ocrx_word' id='word_1_190' title='bbox 482 3615 672 3681; x_wconf 75' lang='lat' dir='ltr'>presentan&#39;on</span> <span class='ocrx_word' id='word_1_191' title='bbox 684 3614 720 3681; x_wconf 89' lang='lat' dir='ltr'>os</span> <span class='ocrx_word' id='word_1_192' title='bbox 731 3614 776 3667; x_wconf 81' lang='lat' dir='ltr'>tlte</span> <span class='ocrx_word' id='word_1_193' title='bbox 786 3615 875 3668; x_wconf 77' lang='lat' dir='ltr'>Pn&#39;or</span> <span class='ocrx_word' id='word_1_194' title='bbox 883 3615 945 3667; x_wconf 85' lang='lat' dir='ltr'>and</span> <span class='ocrx_word' id='word_1_195' title='bbox 955 3616 1082 3668; x_wconf 82' lang='lat' dir='ltr'>Convent</span> <span class='ocrx_word' id='word_1_196' title='bbox 1091 3618 1127 3685; x_wconf 92' lang='lat' dir='ltr'>os</span> <span class='ocrx_word' id='word_1_197' title='bbox 1138 3617 1177 3670; x_wconf 87' lang='lat' dir='ltr'>St.</span> <span class='ocrx_word' id='word_1_198' title='bbox 1190 3615 1357 3684; x_wconf 63' lang='lat' dir='ltr'>Androm]</span> 
     </span>
    </p>
   </div>
   <div class='ocr_carea' id='block_1_8' title="bbox 320 3749 1587 4871">
    <p class='ocr_par' dir='ltr' id='par_1_8' title="bbox 320 3749 1587 4871">
     <span class='ocr_line' id='line_1_24' title="bbox 410 3749 1586 3840; baseline 0 -26"><span class='ocrx_word' id='word_1_199' title='bbox 410 3749 1586 3840; x_wconf 68' lang='lat' dir='ltr'>EccussrnSnncnPsrnrNonunumon1s.—MagisterRobertus</span> 
     </span>
     <span class='ocr_line' id='line_1_25' title="bbox 321 3853 1586 3936; baseline 0 -18"><span class='ocrx_word' id='word_1_200' title='bbox 321 3856 363 3918; x_wconf 92' lang='lat' dir='ltr'>de</span> <span class='ocrx_word' id='word_1_201' title='bbox 381 3853 554 3930; x_wconf 86' lang='lat' dir='ltr'>Bathonia‚</span> <span class='ocrx_word' id='word_1_202' title='bbox 571 3853 718 3929; x_wconf 69' lang='lat' dir='ltr'>clericus</span> <span class='ocrx_word' id='word_1_203' title='bbox 730 3863 942 3934; x_wconf 89' lang='lat' dir='ltr'>presentatus</span> <span class='ocrx_word' id='word_1_204' title='bbox 959 3876 1017 3936; x_wconf 90' lang='lat' dir='ltr'>per</span> <span class='ocrx_word' id='word_1_205' title='bbox 1035 3856 1180 3919; x_wconf 89' lang='lat' dir='ltr'>Priorem</span> <span class='ocrx_word' id='word_1_206' title='bbox 1196 3866 1231 3919; x_wconf 88' lang='lat' dir='ltr'>et</span> <span class='ocrx_word' id='word_1_207' title='bbox 1246 3865 1448 3919; x_wconf 89' lang='lat' dir='ltr'>conventum</span> <span class='ocrx_word' id='word_1_208' title='bbox 1461 3855 1586 3920; x_wconf 87' lang='lat' dir='ltr'>Sancte</span> 
     </span>
     <span class='ocr_line' id='line_1_26' title="bbox 321 3956 1585 4042; baseline 0.001 -21"><span class='ocrx_word' id='word_1_209' title='bbox 321 3957 459 4021; x_wconf 86' lang='lat' dir='ltr'>Andree</span> <span class='ocrx_word' id='word_1_210' title='bbox 484 3957 752 4039; x_wconf 89' lang='lat' dir='ltr'>Norhamptonie</span> <span class='ocrx_word' id='word_1_211' title='bbox 777 3956 820 4019; x_wconf 90' lang='lat' dir='ltr'>ad</span> <span class='ocrx_word' id='word_1_212' title='bbox 847 3958 1022 4021; x_wconf 85' lang='lat' dir='ltr'>ecclesiam</span> <span class='ocrx_word' id='word_1_213' title='bbox 1049 3958 1164 4023; x_wconf 88' lang='lat' dir='ltr'>Sancti</span> <span class='ocrx_word' id='word_1_214' title='bbox 1197 3961 1284 4023; x_wconf 89' lang='lat' dir='ltr'>Petri</span> <span class='ocrx_word' id='word_1_215' title='bbox 1316 3959 1585 4042; x_wconf 89' lang='lat' dir='ltr'>Norhamptonie</span> 
     </span>
     <span class='ocr_line' id='line_1_27' title="bbox 321 4060 1586 4145; baseline 0.001 -22"><span class='ocrx_word' id='word_1_216' title='bbox 321 4081 397 4124; x_wconf 91' lang='lat' dir='ltr'>cum</span> <span class='ocrx_word' id='word_1_217' title='bbox 429 4060 646 4142; x_wconf 73' lang='lat' dir='ltr'>pertinentiis</span> <span class='ocrx_word' id='word_1_218' title='bbox 676 4060 814 4123; x_wconf 89' lang='lat' dir='ltr'>domino</span> <span class='ocrx_word' id='word_1_219' title='bbox 846 4061 941 4143; x_wconf 87' lang='lat' dir='ltr'>Rege</span> <span class='ocrx_word' id='word_1_220' title='bbox 972 4063 1063 4145; x_wconf 92' lang='lat' dir='ltr'>prius</span> <span class='ocrx_word' id='word_1_221' title='bbox 1095 4083 1153 4145; x_wconf 90' lang='lat' dir='ltr'>per</span> <span class='ocrx_word' id='word_1_222' title='bbox 1184 4063 1309 4126; x_wconf 90' lang='lat' dir='ltr'>litteras</span> <span class='ocrx_word' id='word_1_223' title='bbox 1339 4085 1416 4126; x_wconf 90' lang='lat' dir='ltr'>suas</span> <span class='ocrx_word' id='word_1_224' title='bbox 1447 4062 1586 4126; x_wconf 91' lang='lat' dir='ltr'>domino</span> 
     </span>
     <span class='ocr_line' id='line_1_28' title="bbox 322 4161 1586 4249; baseline 0.001 -22"><span class='ocrx_word' id='word_1_225' title='bbox 322 4164 492 4247; x_wconf 91' lang='lat' dir='ltr'>Episcopo</span> <span class='ocrx_word' id='word_1_226' title='bbox 510 4161 690 4226; x_wconf 87' lang='lat' dir='ltr'>mandante</span> <span class='ocrx_word' id='word_1_227' title='bbox 703 4164 793 4245; x_wconf 91' lang='lat' dir='ltr'>quod</span> <span class='ocrx_word' id='word_1_228' title='bbox 811 4185 877 4227; x_wconf 95' lang='lat' dir='ltr'>non</span> <span class='ocrx_word' id='word_1_229' title='bbox 893 4165 1051 4229; x_wconf 87' lang='lat' dir='ltr'>obstante</span> <span class='ocrx_word' id='word_1_230' title='bbox 1067 4168 1315 4249; x_wconf 90' lang='lat' dir='ltr'>presentatione</span> <span class='ocrx_word' id='word_1_231' title='bbox 1330 4187 1432 4249; x_wconf 89' lang='lat' dir='ltr'>quam</span> <span class='ocrx_word' id='word_1_232' title='bbox 1449 4167 1528 4229; x_wconf 85' lang='lat' dir='ltr'>fecit</span> <span class='ocrx_word' id='word_1_233' title='bbox 1543 4165 1586 4228; x_wconf 92' lang='lat' dir='ltr'>de</span> 
     </span>
     <span class='ocr_line' id='line_1_29' title="bbox 320 4266 1586 4354; baseline 0.002 -24"><span class='ocrx_word' id='word_1_234' title='bbox 320 4268 474 4350; x_wconf 89' lang='lat' dir='ltr'>Johanne</span> <span class='ocrx_word' id='word_1_235' title='bbox 493 4266 535 4330; x_wconf 90' lang='lat' dir='ltr'>de</span> <span class='ocrx_word' id='word_1_236' title='bbox 554 4268 676 4330; x_wconf 89' lang='lat' dir='ltr'>Pavelli</span> <span class='ocrx_word' id='word_1_237' title='bbox 695 4269 815 4332; x_wconf 89' lang='lat' dir='ltr'>clerico</span> <span class='ocrx_word' id='word_1_238' title='bbox 831 4269 941 4334; x_wconf 90' lang='lat' dir='ltr'>dictus</span> <span class='ocrx_word' id='word_1_239' title='bbox 957 4270 1114 4334; x_wconf 91' lang='lat' dir='ltr'>dominus</span> <span class='ocrx_word' id='word_1_240' title='bbox 1132 4272 1319 4354; x_wconf 88' lang='lat' dir='ltr'>Episcopus</span> <span class='ocrx_word' id='word_1_241' title='bbox 1336 4272 1491 4336; x_wconf 91' lang='lat' dir='ltr'>idoneam</span> <span class='ocrx_word' id='word_1_242' title='bbox 1512 4291 1586 4353; x_wconf 91' lang='lat' dir='ltr'>per·</span> 
     </span>
     <span class='ocr_line' id='line_1_30' title="bbox 320 4372 1584 4455; baseline 0.003 -21"><span class='ocrx_word' id='word_1_243' title='bbox 320 4394 437 4436; x_wconf 89' lang='lat' dir='ltr'>sonam</span> <span class='ocrx_word' id='word_1_244' title='bbox 476 4372 519 4435; x_wconf 85' lang='lat' dir='ltr'>ad</span> <span class='ocrx_word' id='word_1_245' title='bbox 556 4373 838 4455; x_wconf 88' lang='lat' dir='ltr'>presentationem</span> <span class='ocrx_word' id='word_1_246' title='bbox 879 4374 960 4438; x_wconf 92' lang='lat' dir='ltr'>dicti</span> <span class='ocrx_word' id='word_1_247' title='bbox 1001 4376 1120 4438; x_wconf 89' lang='lat' dir='ltr'>Prioris</span> <span class='ocrx_word' id='word_1_248' title='bbox 1159 4376 1201 4438; x_wconf 90' lang='lat' dir='ltr'>ad</span> <span class='ocrx_word' id='word_1_249' title='bbox 1235 4376 1377 4439; x_wconf 86' lang='lat' dir='ltr'>eandem</span> <span class='ocrx_word' id='word_1_250' title='bbox 1409 4375 1584 4439; x_wconf 89' lang='lat' dir='ltr'>ecclesiam</span> 
     </span>
     <span class='ocr_line' id='line_1_31' title="bbox 320 4476 1586 4561; baseline 0.002 -21"><span class='ocrx_word' id='word_1_251' title='bbox 320 4476 487 4552; x_wconf 90' lang='lat' dir='ltr'>admittat,</span> <span class='ocrx_word' id='word_1_252' title='bbox 513 4477 557 4539; x_wconf 90' lang='lat' dir='ltr'>ad</span> <span class='ocrx_word' id='word_1_253' title='bbox 585 4477 691 4559; x_wconf 90' lang='lat' dir='ltr'>ipsam</span> <span class='ocrx_word' id='word_1_254' title='bbox 718 4477 891 4540; x_wconf 87' lang='lat' dir='ltr'>ecclesiam</span> <span class='ocrx_word' id='word_1_255' title='bbox 918 4477 1083 4541; x_wconf 89' lang='lat' dir='ltr'>admissus</span> <span class='ocrx_word' id='word_1_256' title='bbox 1107 4489 1159 4542; x_wconf 91' lang='lat' dir='ltr'>est</span> <span class='ocrx_word' id='word_1_257' title='bbox 1189 4490 1223 4542; x_wconf 91' lang='lat' dir='ltr'>et</span> <span class='ocrx_word' id='word_1_258' title='bbox 1252 4480 1412 4542; x_wconf 90' lang='lat' dir='ltr'>canonice</span> <span class='ocrx_word' id='word_1_259' title='bbox 1443 4498 1586 4561; x_wconf 90' lang='lat' dir='ltr'>persona</span> 
     </span>
     <span class='ocr_line' id='line_1_32' title="bbox 321 4580 1585 4665; baseline 0.003 -23"><span class='ocrx_word' id='word_1_260' title='bbox 321 4581 501 4656; x_wconf 88' lang='lat' dir='ltr'>institutus,</span> <span class='ocrx_word' id='word_1_261' title='bbox 527 4581 617 4642; x_wconf 87' lang='lat' dir='ltr'>saiva</span> <span class='ocrx_word' id='word_1_262' title='bbox 643 4580 854 4643; x_wconf 88' lang='lat' dir='ltr'>ordinatione</span> <span class='ocrx_word' id='word_1_263' title='bbox 880 4601 981 4662; x_wconf 93' lang='lat' dir='ltr'>quam</span> <span class='ocrx_word' id='word_1_264' title='bbox 1006 4580 1163 4644; x_wconf 90' lang='lat' dir='ltr'>dominus</span> <span class='ocrx_word' id='word_1_265' title='bbox 1190 4583 1377 4665; x_wconf 87' lang='lat' dir='ltr'>Episcopus</span> <span class='ocrx_word' id='word_1_266' title='bbox 1405 4584 1438 4645; x_wconf 93' lang='lat' dir='ltr'>in</span> <span class='ocrx_word' id='word_1_267' title='bbox 1465 4583 1585 4646; x_wconf 86' lang='lat' dir='ltr'>eadem</span> 
     </span>
     <span class='ocr_line' id='line_1_33' title="bbox 320 4682 1587 4749; baseline 0 -2"><span class='ocrx_word' id='word_1_268' title='bbox 320 4683 459 4747; x_wconf 85' lang='lat' dir='ltr'>ecclesia</span> <span class='ocrx_word' id='word_1_269' title='bbox 496 4683 631 4746; x_wconf 90' lang='lat' dir='ltr'>duxerit</span> <span class='ocrx_word' id='word_1_270' title='bbox 669 4683 864 4747; x_wconf 85' lang='lat' dir='ltr'>faciendam.</span> <span class='ocrx_word' id='word_1_271' title='bbox 921 4684 967 4746; x_wconf 91' lang='lat' dir='ltr'>Et</span> <span class='ocrx_word' id='word_1_272' title='bbox 1005 4682 1201 4748; x_wconf 92' lang='lat' dir='ltr'>mandatum</span> <span class='ocrx_word' id='word_1_273' title='bbox 1240 4697 1291 4749; x_wconf 91' lang='lat' dir='ltr'>est</span> <span class='ocrx_word' id='word_1_274' title='bbox 1337 4686 1587 4749; x_wconf 89' lang='lat' dir='ltr'>Archidiacono</span> 
     </span>
     <span class='ocr_line' id='line_1_34' title="bbox 322 4786 675 4871; baseline -0.006 -21"><span class='ocrx_word' id='word_1_275' title='bbox 322 4788 354 4850; x_wconf 95' lang='lat' dir='ltr'>N</span> <span class='ocrx_word' id='word_1_276' title='bbox 357 4786 598 4871; x_wconf 89' lang='lat' dir='ltr'>orhamptonie‚</span> <span class='ocrx_word' id='word_1_277' title='bbox 613 4796 675 4849; x_wconf 90' lang='lat' dir='ltr'>etc.</span> 
     </span>
    </p>
   </div>
   <div class='ocr_carea' id='block_1_9' title="bbox 0 0 1810 5638">
    <p class='ocr_par' dir='ltr' id='par_1_9' title="bbox 0 0 1810 5638">
     <span class='ocr_line' id='line_1_35' title="bbox 0 0 1810 5638; baseline 0 0"><span class='ocrx_word' id='word_1_278' title='bbox 0 0 1810 5638; x_wconf 95' lang='lat' dir='ltr'> </span> 
     </span>
    </p>
   </div>
  </div>
 </body>
</html>
