3609 5642
318 581 364 655 54
665 561 800 636 Rotulz'
816 561 992 659 Hugonck
1009 562 1053 635 dc
1079 561 1211 636 Wellcs

315 796 454 865 [Richard
467 799 603 867 chaplain,
612 799 761 866 presented
769 798 802 868 by
814 799 854 860 R..
869 799 951 852 Dean
961 801 996 869 of
1008 799 1131 863 Lincolu,
1145 801 1170 852 is
1181 800 1326 854 instincted
1335 805 1362 853 to
1372 800 1419 854 tlte
1424 802 1575 869 perpetual

379 881 510 948 vicarage
521 882 557 948 of
562 880 716 944 Bucklana',
729 881 821 934 which
832 880 945 964 belorcgs
957 883 1036 936 rothe
1041 881 1169 949 pretend
1176 882 1212 951 os
1217 881 1245 933 A
1241 882 1378 950 ylesbury.
1413 883 1539 937 Rr'cltard
1545 885 1570 937 is

379 965 407 1014 to
417 961 489 1014 hauc
499 962 542 1014 all
550 962 596 1014 the
605 962 712 1038 chraerch,
720 963 832 1030 payz'ng
842 981 860 1015 a
866 963 985 1031 pemrbn
996 965 1031 1030 of
1036 965 1084 1041 scr
1093 963 1188 1016 marks
1199 969 1226 1016 to
1237 964 1283 1017 the
1293 964 1365 1016 dean
1375 966 1412 1030 of
1417 965 1554 1035 [incola]

403 1081 836 1248 BOCLANDEngardus,
883 1084 1108 1166 cappellanus,
1157 1094 1366 1166 presentatus
1417 1106 1477 1168 per
1522 1087 1571 1163 R,

316 1185 489 1249 Decanum
531 1184 682 1248 Lincolni
728 1207 808 1262 sem,
844 1186 887 1249 ad
926 1198 1121 1269 perpetuam
1159 1189 1315 1282 vicariam
1352 1189 1491 1252 ecclesie
1528 1190 1571 1254 de

317 1288 484 1351 Boclande
507 1289 689 1372 spectantis
711 1289 753 1352 ad
779 1289 983 1372 prebendam
1006 1290 1049 1353 de
1074 1291 1260 1374 Eylesbiry,
1288 1292 1330 1355 ad
1353 1292 1495 1356 eandem
1518 1303 1570 1356 est

314 1390 488 1468 admissus,
513 1402 546 1455 et
569 1393 710 1456 vicarius
734 1404 914 1475 perpetuus
937 1394 1116 1457 institutus
1166 1395 1315 1459 Habebit
1337 1406 1450 1460 autem
1480 1395 1569 1459 idem

316 1494 478 1558 Ricardus
501 1505 607 1559 totam
639 1497 728 1559 illam
753 1497 926 1561 ecclesiam
952 1518 1027 1561 cum
1052 1498 1259 1581 pertinentiis
1283 1501 1418 1563 nomine
1441 1500 1570 1568 vicarie,

314 1607 474 1697 solvendo
490 1607 567 1670 inde
582 1607 672 1671 dicto
690 1609 829 1672 Decano
844 1619 878 1673 et
894 1611 1139 1674 successoribus
1155 1612 1222 1674 suis
1238 1610 1327 1700 dicte
1342 1611 1512 1693 prebende
1526 1611 1570 1675 de

315 1711 492 1794 Eylesbiry
508 1713 676 1776 canonicis
699 1733 844 1776 annuam
868 1734 930 1776 sex
955 1735 1139 1779 marcarum
1164 1715 1368 1797 pensionem.
1415 1716 1460 1779 Et
1476 1737 1569 1780 man-

313 1814 430 1879 datum
447 1826 508 1892 est,
523 1826 582 1879 etc.

313 2026 490 2098 [Humpltrey
500 2027 534 2080 de
545 2026 683 2086 Mtdliers,
686 2027 834 2095 presented
842 2026 876 2095 by
884 2027 930 2080 tlte
938 2027 1045 2097 Biskop
1053 2031 1089 2097 of
1097 2028 1270 2088 Wincltester¹
1280 2031 1305 2082 is
1316 2030 1462 2083 insu'tuted
1461 2033 1570 2098 parson

377 2110 412 2177 os
420 2109 579 2179 Ivinghoe.]

403 2245 811 2328 IVINGEHO.—Magister
828 2245 1037 2311 Humfredus
1052 2247 1095 2310 de
1113 2247 1271 2324 Midliers‘,
1288 2258 1499 2331 presentatus
1509 2269 1567 2332 per

312 2350 486 2414 dominum
504 2349 770 2413 Wintoniensem
795 2350 836 2413 ad
860 2350 1035 2414 ecclesiam
1058 2351 1101 2414 de
1127 2351 1297 2434 Ivingeho,
1320 2351 1486 2416 admissus
1509 2363 1569 2430 est,

312 2463 346 2519 et
363 2454 395 2516 in
412 2474 451 2516 ea
467 2454 626 2516 canonice
642 2473 785 2535 persona
801 2454 981 2518 institutus.
1028 2455 1074 2517 Et
1089 2455 1285 2518 mandatum
1303 2467 1354 2519 est
1371 2456 1511 2520 Decano
1525 2457 1568 2521 de

314 2557 438 2622 Muresl
461 2608 467 2620 .
492 2607 498 2620 .
522 2607 528 2620 .
551 2567 613 2621 etc.
659 2557 715 2640 [In
738 2557 791 2620 the
818 2559 949 2640 margin
962 2559 1032 2641 .·—]
1057 2560 1133 2622 Non
1157 2559 1319 2624 habemus
1342 2557 1469 2625 litteras
1496 2582 1569 2645 pre-

312 2663 508 2727 sentationis
524 2662 575 2726 vel
599 2663 830 2744 inquisitionis.

312 2874 369 2944 [On
381 2874 567 2942 thcvt'carage
577 2875 613 2942 os
624 2873 779 2926 Wendouer
788 2875 870 2942 being
880 2879 984 2927 vacant
1000 2872 1033 2941 by
1044 2874 1090 2927 the
1099 2873 1181 2927 death
1193 2876 1229 2942 of
1240 2874 1366 2939 Eustace,
1379 2875 1443 2928 who
1459 2875 1525 2929 held
1539 2877 1568 2940 ir,

377 2957 422 3011 the
433 2957 522 3009 Prior
529 2957 591 3009 and
601 2957 770 3024 Conventus
777 2957 953 3020 Sorrthwark,
961 2960 1086 3024 patrum,
1099 2957 1160 3009 and
1168 2957 1305 3026 claiming
1315 2963 1372 3011 two
1382 2961 1466 3026 parts
1477 2958 1513 3027 of
1524 2959 1570 3011 the

377 3039 459 3092 tithes
471 3039 559 3090 inlice
575 3053 657 3090 name
674 3038 710 3105 os
722 3038 768 3089 tlte
779 3042 947 3105 parsonage,
953 3039 1104 3105 presented
1112 3038 1205 3106 Rapa
1223 3039 1257 3091 dc
1273 3038 1419 3101 Mitcham.
1431 3040 1509 3104 clerk,
1522 3039 1571 3092 but

378 3121 482 3184 Robert,
504 3120 642 3188 chaphtin,
661 3120 781 3187 opposed
799 3120 860 3172 ttae
872 3122 1068 3187 presentation,
1091 3120 1220 3188 alleging
1239 3121 1307 3180 that,
1324 3121 1357 3190 by
1373 3121 1419 3174 tlte
1433 3127 1525 3190 grant
1539 3122 1575 3191 of

377 3204 406 3255 E
408 3209 497 3257 artace
503 3203 572 3254 with
580 3203 625 3255 tlte
633 3203 772 3270 approual
777 3203 812 3269 of
817 3201 861 3265 H,
872 3202 927 3254 late
935 3202 1042 3269 Bbhop
1051 3203 1214 3271 oth'ncoIn‚
1222 3202 1256 3255 hc
1264 3203 1325 3254 had
1329 3203 1457 3257 obtained
1466 3205 1569 3258 certain

376 3287 501 3339 interests
511 3285 542 3336 in
554 3283 718 3337 thechurch.
751 3284 808 3336 The
811 3284 970 3352 following
977 3284 1129 3336 settlenoent
1138 3283 1388 3354 wasmoriebesore
1398 3286 1444 3338 the
1454 3280 1569 3353 sthop.

378 3367 478 3421 Robert
487 3366 617 3434 resegmd
632 3365 677 3418 his
687 3365 771 3434 right.
783 3365 832 3416 but
842 3380 902 3417 was
913 3371 940 3418 to
955 3365 1028 3417 leave
1037 3365 1079 3418 all
1095 3365 1140 3417 the
1155 3366 1232 3418 altar
1245 3367 1387 3435 offerings,
1399 3373 1454 3426 etc..
1465 3367 1572 3435 dwing

376 3449 422 3503 tlte
435 3449 487 3518 lise
501 3449 537 3516 os
548 3447 648 3515 Rupe,
662 3441 776 3515 paying
790 3452 817 3500 to
834 3446 893 3499 Irim
901 3449 1001 3516 yearly
1015 3463 1070 3498 ros.
1103 3447 1205 3500 Rauen
1219 3463 1279 3500 was
1295 3453 1322 3500 to
1336 3449 1462 3501 nanum
1475 3450 1508 3500 in
1524 3447 1571 3500 the

375 3530 483 3594 church,
494 3530 543 3582 but
552 3533 579 3583 to
591 3528 672 3581 claim
684 3545 721 3582 no
731 3529 812 3597 n'ght
820 3529 896 3598 aster
904 3529 950 3582 the
960 3528 1042 3581 death
1053 3528 1087 3597 of
1094 3528 1211 3597 Ralph]

398 3647 834 3713 WENDOURE.-Vacante
866 3649 988 3711 vicaria
1023 3649 1066 3713 de
1104 3649 1297 3713 Wendoure
1328 3671 1387 3732 per
1425 3660 1567 3714 mortem

314 3753 495 3828 Eustachii,
510 3751 566 3833 qui
582 3771 656 3813 eam
682 3751 797 3827 tenuit,
815 3751 908 3814 Prior
923 3763 957 3815 et
979 3763 1165 3817 conventus
1188 3753 1230 3816 de
1254 3753 1421 3829 Sudwerc‚
1437 3755 1568 3836 patroni

311 3857 462 3939 ejusdem
486 3855 633 3930 ecclesie,
649 3865 683 3918 et
706 3854 789 3918 duas
814 3865 925 3937 partes
951 3857 1129 3939 garbarum
1155 3858 1291 3921 nomine
1313 3869 1511 3940 personatus
1536 3859 1568 3921 in

312 3961 430 4024 eadem
455 3959 594 4023 ecclesia
617 3959 815 4040 optinentes,
843 3970 1118 4041 presentaverunt
1151 3960 1377 4044 Radulphum,
1404 3960 1569 4039 clericum,

311 4062 518 4127 deMicharir
543 4060 733 4124 addictam
757 4062 922 4125 vicariam.
969 4062 1125 4128 Ceterum
1151 4063 1327 4140 Robertus,
1343 4063 1568 4147 cappellanus,

312 4167 392 4230 dicti
406 4164 575 4247 Radulphi
592 4167 831 4247 presentationi
848 4187 883 4228 se
899 4168 1066 4249 opposuit,
1079 4187 1229 4230 asserens
1245 4188 1280 4230 se
1292 4187 1336 4230 ex
1350 4169 1568 4232 concessione

312 4269 463 4352 ejusdem
503 4269 675 4331 Eustachii
713 4282 747 4332 et
794 4270 1036 4352 approbatione
1077 4272 1183 4334 sancti
1231 4272 1469 4335 recordationis
1517 4272 1570 4350 H,

313 4374 483 4457 quondam
511 4372 753 4436 Lincolniensis
776 4375 934 4457 episcopi,
949 4395 1067 4438 omnes
1089 4375 1308 4439 obventiones
1330 4375 1444 4439 altaris
1467 4376 1570 4458 ipsius

312 4477 459 4553 ecclesie,
475 4476 627 4561 exceptis
643 4476 781 4539 decimis
797 4487 831 4540 et
847 4479 955 4560 primo
978 4478 1098 4560 legat0,
1115 4478 1215 4541 fuisse
1238 4488 1436 4542 assecutum.
1482 4479 1569 4543 Con·

313 4581 467 4645 tradictio
491 4580 568 4643 inde
591 4581 694 4662 ipsius
719 4580 897 4664 Radulphi,
922 4582 954 4644 in
979 4584 1146 4664 presentia
1175 4582 1302 4645 domini
1327 4581 1570 4646 Lincolniensis

315 4683 482 4767 Episcopi,
519 4693 553 4746 et
589 4682 738 4763 ejusdem
777 4685 983 4761 auctoritate,
1014 4686 1046 4748 in
1084 4687 1172 4748 hunc
1203 4686 1340 4749 modum
1371 4687 1570 4767 conquievit,

314 4788 448 4864 scilicet,
474 4787 563 4868 quod
590 4798 768 4869 postquam
795 4787 883 4851 idem
913 4788 1080 4852 Robertus
1107 4800 1214 4853 totum
1240 4789 1304 4871 jus,
1327 4790 1418 4871 quod
1449 4790 1512 4852 sibi
1535 4791 1568 4853 in

314 4890 442 4974 prefata
471 4889 611 4954 ecclesia
647 4889 843 4966 vendicavit,
882 4893 1115 4974 resignaverat,
1152 4892 1261 4955 dictus
1295 4891 1494 4975 Radulphus
1526 4890 1568 4954 ad

314 5003 531 5058 memoratam
556 4993 710 5056 vicariam
737 4995 769 5056 in
801 4994 946 5057 solidum
969 4995 1135 5059 admissus
1157 4995 1248 5077 quod
1272 4995 1361 5059 idem
1394 4995 1570 5071 Robertus
