3609 5642
352 584 417 673 198
692 578 826 653 Rutuli
848 576 1025 677 Hugonz's
1051 579 1094 654 de
1130 578 1261 655 Wellcs

686 732 907 737 .—-.-——.-
935 732 1071 739 —ma—
1096 732 1365 739 ——.-..-—-—.
1392 735 1598 741 —-.-.-..—.

347 822 502 885 vicariam
526 820 664 883 ecclesie
684 820 727 883 de
750 820 996 902 Haringewrth'
1012 819 1187 883 admisisse
1209 821 1387 903 ipsumque
1407 822 1442 913 in
1463 843 1504 885 ea
1525 842 1602 884 can-

344 926 440 988 onice
453 934 650 1005 perpetuum
663 924 822 986 vicarium
840 924 1030 987 instituisse.
1069 924 1232 988 Consistit
1247 934 1359 988 autern
1377 925 1469 989 dicta
1481 926 1603 988 vicaria

344 1029 376 1091 in
392 1038 463 1091 toto
479 1027 641 1109 altaragio
656 1036 690 1089 et
707 1026 740 1089 in
756 1026 894 1091 decimis
911 1028 1088 1110 garbarum
1106 1028 1149 1091 de
1161 1027 1291 1091 duabus
1305 1030 1441 1110 virgatis
1458 1040 1545 1092 terre
1561 1030 1604 1092 ad

343 1132 516 1195 ecclesiam
534 1131 777 1213 pertinentibus
793 1144 826 1194 et
850 1133 882 1194 in
905 1151 1023 1194 manso
1039 1154 1059 1194 a
1084 1144 1177 1214 parte
1201 1132 1325 1196 boreali
1349 1133 1496 1210 ecclesie,
1512 1136 1602 1215 quod

345 1236 512 1299 Robertus
527 1234 664 1297 clericus
680 1233 798 1298 dicbus
814 1237 881 1297 suis
897 1237 1059 1300 extremis
1075 1238 1190 1299 tenuit.
1237 1237 1392 1300 Vicarius
1404 1260 1481 1301 vero
1496 1240 1604 1302 solvet

342 1340 518 1421 synodalia
532 1350 567 1401 et
583 1337 746 1401 moniales
766 1339 948 1421 hospitium
967 1339 1205 1403 Archidiaconi
1223 1342 1473 1423 procurabunt:
1495 1342 1606 1417 salvis,

342 1456 402 1508 etc.
449 1441 551 1527 Quod
581 1452 627 1519 ut,
656 1452 717 1505 etc.
766 1442 842 1504 Hiis
868 1444 1019 1520 testibus
1049 1445 1220 1527 Magistris
1248 1445 1419 1508 Willelmo
1442 1446 1492 1509 'de
1525 1447 1604 1510 Liu-

341 1549 458 1622 colnia‚
483 1546 647 1611 Nicholao
669 1546 712 1609 de
737 1546 905 1609 Evesham
929 1556 963 1610 et
986 1548 1132 1611 Radulio
1156 1548 1199 1611 de
1222 1549 1412 1623 Waraville,
1434 1550 1605 1615 canonicis

343 1651 641 1725 Lincoiniensibus,
669 1650 834 1734 Magistro
862 1651 1046 1714 Amaurico
1076 1651 1120 1715 de
1147 1653 1326 1735 Bugeden’‚
1357 1654 1529 1717 Willelmo
1561 1654 1604 1717 de

342 1755 587 1820 Winchcumba
609 1766 642 1819 et
659 1755 796 1820 Olivero
819 1756 862 1821 de
883 1757 1069 1833 Chednet0‚
1085 1758 1221 1821 clericis.
1269 1759 1360 1821 Data
1383 1780 1442 1841 per
1465 1779 1603 1823 manum

341 1860 473 1924 Thome
511 1858 554 1922 de
593 1859 779 1935 Fiskert0n‚
816 1860 991 1943 capellani,
1028 1861 1181 1924 canonici
1222 1861 1475 1938 Lincolniensis,
1514 1862 1604 1944 apud

342 1964 530 2040 Lidintone,
545 1986 565 2025 v
582 1961 656 2025 idus
671 1962 761 2043 Junii
779 1964 993 2046 pontificatus
1010 1966 1113 2028 nostri
1132 1986 1222 2028 anno
1239 1966 1307 2029 xiii.

336 2309 409 2377 [Tlie
420 2310 576 2361 institution
587 2308 622 2375 of
628 2307 704 2375 Ralf
709 2309 743 2360 de
756 2308 887 2360 Bleibuir’
899 2314 926 2361 to
937 2308 983 2361 tlte
993 2309 1094 2363 cliurclt
1108 2311 1145 2377 os
1155 2311 1305 2377 sjvrestam
1314 2326 1327 2370 ,·
1337 2326 1379 2362 see
1386 2314 1416 2377 p.
1430 2310 1500 2379 roa]

425 2428 855 2503 SIRESHAlte-Omuibus,
871 2440 933 2491 etc.
981 2429 1122 2492 Noverit
1132 2430 1337 2492 universitas
1354 2440 1463 2493 vestra
1480 2450 1543 2492 nos
1559 2430 1603 2493 ad

337 2533 619 2615 presentationem
650 2533 848 2596 dilectorum
881 2534 913 2595 in
946 2533 1079 2597 Christo
1110 2533 1253 2596 filiorum
1281 2533 1425 2597 Abbatis
1460 2543 1496 2597 et
1523 2554 1603 2597 con-

338 2647 455 2698 ventus
484 2638 671 2712 Leicestrie‚
699 2647 915 2719 patronorum
943 2638 1082 2703 ecclesie
1106 2639 1149 2702 de
1173 2638 1353 2713 Siresham,
1380 2637 1542 2701 dilectum
1569 2640 1602 2702 iu

337 2740 470 2803 Christo
481 2740 584 2804 filium
599 2741 782 2804 Radulfum
795 2742 838 2805 de
853 2742 1017 2820 Bleibuir'‚
1029 2743 1195 2817 clericum,
1206 2741 1249 2804 ad
1266 2742 1407 2805 eandem
1421 2742 1601 2805 ecclesiam

337 2844 511 2908 admisisse
527 2846 703 2927 ipsumque
720 2846 753 2907 iu
770 2867 809 2909 ea
833 2848 993 2910 canonice
1018 2868 1195 2929 personam
1221 2847 1414 2920 instituisse,
1440 2845 1536 2909 salva
1559 2846 1603 2911 de

336 2947 453 3011 eadem
488 2948 628 3011 ecclesia
658 2949 755 3012 dictis
791 2949 918 3012 Abbati
951 2960 985 3013 et
1020 2950 1199 3013 conventui
1239 2948 1353 3012 debita
1390 2958 1423 3012 et
1462 2950 1604 3032 antiqua

337 3052 517 3133 pensiorre3
542 3052 650 3126 salvis,
666 3063 726 3114 etc.
767 3051 874 3135 Quod
899 3063 945 3130 ut,
968 3064 1030 3116 etc.
1077 3054 1236 3117 Testibus
1263 3063 1297 3116 et
1321 3053 1409 3129 data,
1438 3064 1474 3117 ut
1499 3074 1603 3137 supra

336 3158 368 3217 in
385 3164 477 3218 carta
492 3154 534 3217 de
553 3154 729 3218 Haliwelle
745 3156 778 3217 in
795 3156 1068 3220 archidiaconatu
1089 3156 1357 3238 Huntingdonie.

334 3500 377 3564 [T
373 3500 407 3552 tie
417 3498 525 3567 Bishop
541 3505 644 3566 gmnts
662 3505 689 3551 to
705 3499 751 3551 tlte
769 3500 858 3552 Prior
874 3500 936 3553 and
952 3501 1127 3568 conventos
1139 3502 1180 3553 s't.
1197 3500 1330 3561 Andreae,
1352 3499 1569 3569 Nortltampton,
1583 3520 1601 3555 a

394 3583 512 3649 periston
524 3582 633 3649 ofsour
642 3582 737 3634 marks
747 3598 766 3633 a
771 3598 844 3650 year
845 3584 929 3650 from
941 3583 986 3635 tlte
1002 3582 1102 3635 churcli
1119 3583 1155 3650 os
1166 3582 1206 3635 St.
1225 3581 1313 3638 Peter.
1332 3580 1550 3650 Northampton,
1570 3586 1602 3635 iu

398 3664 524 3716 addition
536 3669 563 3717 to
573 3681 591 3716 a
605 3665 723 3731 pensiori
735 3664 771 3731 os
777 3666 824 3716 six
833 3666 934 3725 marks.
954 3664 1046 3717 which
1058 3666 1121 3732 they
1132 3664 1297 3732 previously
1312 3662 1454 3725 received;
1471 3664 1546 3717 ll'ov.
1559 3684 1601 3731 ³5·

400 3749 486 3812 rm]

424 3874 608 3938 Ecetssrn
644 3874 786 3938 Ssucn
821 3876 937 3937 Parui
974 3872 1501 3950 NORHAMTOME.-Omnibus,
1536 3888 1601 3940 etc.

337 3978 475 4041 Noverit
514 3977 710 4039 universitas
745 3988 854 4040 vestra
893 3997 954 4039 nos
994 3975 1036 4039 de
1074 3995 1212 4039 assensu
1252 3976 1375 4058 Rogeri
1406 3976 1527 4040 decani
1567 3992 1602 4043 et

335 4082 472 4164 capituli
496 4081 600 4143 nostri
625 4080 776 4143 Lincoln'
799 4080 933 4143 dedisse
956 4093 989 4143 et
1021 4080 1224 4143 concessisse
1247 4079 1378 4143 dilectis
1407 4080 1439 4142 in
1464 4080 1602 4146 Christo

336 4168 410 4249 liliis
442 4186 544 4248 Priori
575 4195 608 4247 et
639 4186 819 4248 conventui
855 4185 972 4249 Sancti
1005 4184 1142 4247 Andree
1175 4183 1419 4247 Norhamtonie
1454 4197 1604 4266 quatuor

222 4297 227 4309 “
336 4311 464 4353 marcas
480 4309 608 4352 annuas
632 4290 767 4351 nomine
791 4289 942 4371 perpetui
969 4286 1119 4351 beneficii
1137 4287 1180 4350 de
1203 4287 1344 4350 ecclesia
1368 4287 1484 4352 Sancti
1510 4290 1602 4353 Petri

336 4392 588 4466 Norhamtonie,
605 4403 681 4473 post
704 4392 880 4455 decessum
908 4392 1062 4473 Magistri
1087 4390 1225 4454 Roberti
1250 4390 1293 4453 de
1317 4390 1486 4453 Bathonia
1510 4412 1602 4457 nunc

333 4499 467 4562 rectoris
483 4496 634 4577 ejusdem
651 4496 790 4559 ecclesie
814 4518 872 4578 per
897 4516 1034 4559 manum
1059 4495 1211 4577 ejusqui
1236 4515 1296 4577 pro
1319 4504 1472 4577 tempore
1498 4494 1601 4561 fuerit

336 4622 478 4685 persona
501 4602 534 4663 in
557 4599 676 4663 eadem
694 4601 725 4662 in
744 4611 943 4682 perpetuum
962 4598 1192 4681 percipiendas
1209 4618 1275 4660 una
1298 4618 1374 4661 cum
1391 4618 1452 4661 sex
1478 4602 1603 4664 marcis

333 4706 453 4768 annuis
468 4725 553 4786 quas
568 4705 659 4786 prius
674 4702 851 4766 decadem
867 4704 1008 4766 ecclesia
1019 4712 1238 4784 perceperunt
1253 4711 1287 4765 et
1300 4722 1383 4783 quas
1393 4722 1455 4765 sex
1469 4722 1603 4767 marcas

333 4808 443 4871 dictus
457 4808 624 4871 Robertus
640 4806 876 4888 quoadvixerit
892 4807 940 4869 eis
956 4805 999 4869 de
1012 4804 1130 4869 eadem
1141 4804 1283 4867 ecclesia
1295 4804 1432 4867 nomine
1444 4810 1600 4889 perpetui

334 4910 486 4975 beneficii
499 4911 666 4992 persolvet
681 4932 688 4984 ;
712 4910 821 4985 salvis,
837 4920 897 4971 etc.
946 4909 1049 4991 Quod
1063 4920 1098 4971 ut
1111 4907 1186 4990 [etc.
1200 4908 1352 4991 sealing]‚
1364 4908 1428 4969 hiis
1445 4910 1601 4985 testibus,

336 5018 471 5097 Rogcro
487 5016 624 5090 decann,
641 5014 794 5077 Gallrido
810 5026 1013 5095 precentore‚
1040 5011 1185 5076 liicardo
1208 5012 1415 5089 cancellarie,
1439 5013 1599 5095 Johannc
