3609 5642
353 584 425 671 316
698 578 835 650 Rotuli
857 577 1033 675 Hugonz's
1059 576 1102 649 de
1138 576 1270 649 Welles

352 817 523 880 nationem
550 815 685 879 Ricardi
707 815 750 879 de
773 814 912 898 Capella
934 815 1129 879 litteratorie
1154 816 1286 893 laetam,
1309 815 1426 897 sigillis
1451 815 1610 897 Episcopi

352 920 565 983 Ebroicensis
587 930 622 983 et
638 918 784 981 Abbatis
799 918 842 982 de
866 918 975 982 Becco
998 919 1116 983 litteris
1140 919 1372 1001 resignationis
1396 919 1564 1002 appensis
1578 930 1611 981 et

352 1024 551 1105 impotentia
574 1042 634 1085 sua
657 1022 843 1085 revertendi
866 1021 910 1085 ad
937 1034 1049 1104 partes
1073 1023 1153 1085 istas
1176 1022 1220 1085 ob
1245 1021 1277 1085 id
1305 1033 1375 1086 tam
1403 1043 1462 1106 per
1485 1022 1612 1087 litteras

352 1128 440 1210 ipsas
456 1148 558 1210 quam
583 1147 642 1210 per
657 1136 759 1190 testes
784 1125 923 1189 idoneos
946 1124 1148 1190 sufficienter
1170 1127 1320 1208 probata,
1337 1146 1413 1189 cum
1437 1127 1610 1210 negotium

350 1252 410 1315 per
425 1231 487 1295 hec
502 1244 591 1295 esset
608 1232 640 1294 in
656 1229 827 1313 expedito
843 1229 886 1293 ad
903 1229 1048 1293 eundem
1063 1232 1245 1313 prioratum
1262 1229 1429 1294 admissus
1445 1242 1506 1308 est,
1522 1241 1556 1295 et
1579 1232 1609 1295 in

350 1355 391 1397 eo
416 1335 509 1397 Prior
532 1355 590 1417 per
611 1335 741 1411 librum,
757 1336 854 1397 sicuti
883 1334 984 1397 moris
1010 1346 1069 1411 est,
1091 1336 1272 1411 institutus,
1292 1334 1483 1398 obedientie
1505 1357 1612 1399 sacra·

351 1448 467 1501 mento
504 1438 734 1521 sollempniter
764 1438 951 1501 subsecuto.
1010 1437 1055 1501 Et
1094 1437 1291 1501 mandatum
1322 1447 1373 1501 est
1412 1438 1462 1514 R.,
1494 1438 1612 1501 Archi-

351 1540 494 1605 diacono
530 1542 736 1618 Leircestrie,
774 1552 811 1604 ut
848 1540 941 1604 dicto
971 1542 998 1623 J.
1030 1540 1237 1623 corporalem
1271 1540 1411 1623 predicti
1446 1543 1612 1624 prioratus

351 1647 596 1728 possessionem
620 1647 743 1709 habere
771 1644 878 1708 saciat.
926 1644 1050 1708 Actum
1077 1646 1195 1727 quinto
1229 1644 1308 1708 ldus
1336 1645 1493 1709 Octobris
1521 1646 1610 1729 apud

353 1749 484 1813 Ludam
516 1752 548 1813 in
580 1770 712 1813 camera
743 1748 882 1812 Roberti
915 1748 1153 1811 Archidiaconi
1189 1748 1372 1825 Lincolnie‚
1403 1750 1613 1832 presentibus

350 1853 469 1918 eodem
492 1853 747 1931 Archidiacono‚
763 1852 935 1916 Willelmo
955 1852 1166 1929 Subdecano,
1183 1851 1330 1916 Radulso
1348 1852 1391 1917 de
1408 1853 1613 1933 Warraville,

351 1957 521 2022 Willelmo
551 1957 594 2021 de
629 1957 915 2039 Wynchecumbe‚
945 1966 979 2020 et
1010 1956 1143 2019 Thoma
1181 1956 1224 2019 de
1262 1956 1412 2040 Askeby,
1443 1959 1613 2022 canonicis

353 2061 652 2138 LincolniensibuS,
677 2061 842 2142 Magistro
865 2060 1017 2123 Waltero
1040 2060 1083 2124 de
1111 2059 1351 2125 Wermenistre
1377 2072 1411 2125 et
1439 2062 1613 2145 Stephano

351 2165 394 2229 de
411 2165 567 2241 Caste110,
583 2164 718 2228 clericis,

351 2464 457 2531 [Ralph
469 2463 503 2516 de
522 2463 673 2525 lincolnia¹
687 2478 775 2515 canon
795 2464 831 2530 of
844 2464 971 2521 Croxton.
990 2462 1153 2515 rwminated
1168 2463 1201 2531 hy
1219 2463 1265 2515 the
1281 2462 1383 2516 Abhots
1401 2465 1436 2531 os
1448 2464 1612 2530 Newhouse

416 2544 514 2603 Lines..
526 2545 586 2597 and
594 2544 674 2605 Hali,
691 2544 792 2608 Yorhs„
805 2546 830 2597 is
840 2544 977 2597 admitted
985 2543 1065 2597 albot
1073 2546 1109 2611 of
1123 2543 1265 2611 Croxton]

439 2664 556 2728 Frater
567 2665 731 2728 Radullus
742 2665 784 2728 de
796 2664 1167 2741 Lincolnia,canonicus
1177 2664 1220 2729 de
1231 2664 1413 2742 Croxtone‚
1424 2676 1612 2748 resumptus

285 2784 289 2791 ·
352 2769 384 2830 in
411 2768 580 2833 Abbatem
604 2769 756 2851 ejusdem
781 2770 844 2832 loci
869 2789 928 2851 per
952 2768 1104 2833 Abbates
1128 2769 1170 2831 de
1200 2769 1339 2832 Neuhus
1369 2778 1402 2833 et
1426 2768 1469 2832 de
1494 2769 1572 2846 Hal,
1594 2791 1614 2832 a

351 2872 498 2954 capitulo
531 2874 807 2937 Premostratensi
839 2872 879 2935 ad
914 2872 976 2935 hoc
1008 2872 1197 2955 specialiter
1227 2874 1354 2949 missos,
1377 2882 1413 2937 et
1438 2893 1496 2955 per
1523 2874 1613 2955 ipsos

351 2975 490 3039 domino
514 2977 685 3059 Episcopo
711 2986 930 3060 presentatus,
955 2976 1122 3039 admissus
1146 2987 1197 3040 est
1224 2988 1258 3040 et
1287 2976 1330 3039 ad
1361 2975 1506 3040 officium
1540 2997 1612 3059 pas·

350 3078 464 3155 torale,
501 3081 598 3143 sicuti
636 3082 738 3143 moris
775 3091 835 3157 est,
873 3080 1055 3157 restitutus,
1094 3091 1304 3144 sacramento
1342 3080 1384 3145 de
1421 3079 1614 3145 obedientia

350 3182 537 3247 subsecuto
586 3184 631 3247 Et
662 3184 858 3248 mandatum
883 3196 936 3248 est
961 3184 1209 3247 Archidiacono
1233 3185 1295 3248 loci
1320 3184 1408 3267 quod
1439 3184 1548 3267 ipsum
1574 3186 1612 3249 R.

351 3288 479 3351 habens
496 3310 556 3371 pro
574 3289 710 3353 Abbate
726 3289 817 3372 quod
834 3310 930 3352 suum
950 3291 1087 3353 interest
1104 3288 1242 3353 ulterius
1257 3299 1452 3372 exequatur.

438 3582 506 3666 [On
522 3585 739 3668 theface:-]
829 3674 970 3737 Aurius
993 3668 1131 3736 xx111¹³⁸.

350 3817 462 3886 [Philip
478 3818 571 3878 Lmel,
585 3819 753 3881 suhdeacom
766 3817 914 3885 presented
927 3818 961 3886 hy
972 3817 1105 3871 Nicholas
1116 3818 1150 3869 de
1172 3816 1305 3899 Verdune,
1320 3820 1347 3868 is
1363 3817 1511 3869 instituted
1525 3822 1553 3869 to
1569 3816 1613 3869 the

416 3899 518 3952 church
535 3901 571 3969 of
582 3901 777 3964 Luttemvmth
790 3901 902 3969 having
912 3916 949 3953 on
968 3900 1033 3953 nath
1046 3900 1217 3953 urtdertahen
1236 3904 1263 3951 to
1276 3902 1372 3967 purge
1391 3899 1510 3968 himself
1521 3900 1557 3967 of
1568 3900 1612 3952 the

415 3985 518 4053 charge
528 3984 565 4052 of
575 3983 709 4037 collmion
720 3983 838 4037 beteveen
849 3982 972 4049 himself
982 3982 1043 4035 and
1052 3982 1097 4035 the
1105 3982 1230 4051 patrem]

439 4093 967 4177 LUTTREWRTHE.-Philippus
998 4093 1110 4171 Lovel‚
1138 4092 1373 4169 subdiaconus
1401 4101 1612 4174 presentatus

352 4221 410 4283 per
435 4199 634 4264 Nicholaum
659 4199 701 4262 de
725 4198 886 4261 Verdune
910 4196 952 4260 ad
976 4198 1149 4261 ecclesiam
1174 4197 1217 4259 de
1247 4196 1501 4272 Lottreworthe‚
1525 4196 1611 4259 facta

351 4305 441 4387 prius
467 4304 680 4388 inquisitione
705 4322 765 4384 per
792 4302 840 4378 R,
867 4301 1151 4364 Archidiaconum
1182 4300 1388 4377 Leircestrie,
1415 4320 1610 4383 perquam,

349 4415 421 4483 etc,
436 4406 479 4469 ad
495 4406 637 4470 eandem
654 4406 821 4470 admissus
842 4415 902 4483 est,
918 4414 952 4468 et
972 4405 1004 4468 in
1026 4426 1066 4468 ea
1088 4405 1249 4473 canonice
1268 4422 1411 4486 persona
1431 4404 1610 4467 institutus.

352 4509 398 4573 Et
421 4509 617 4573 mandatum
641 4519 693 4572 est
715 4507 824 4571 eidem
851 4507 1099 4570 ArchidIacono
1123 4517 1169 4582 ut,
1185 4515 1245 4569 etc.
1275 4506 1338 4569 .Et
1362 4505 1536 4569 sciendum
1560 4518 1610 4570 est

349 4612 440 4695 quod
456 4612 535 4695 quia
550 4612 677 4676 dictum
695 4611 757 4674 luit
772 4610 815 4675 de
830 4611 1013 4675 collusione
1033 4611 1121 4674 lacta
1140 4610 1226 4673 inter
1249 4609 1393 4673 eundem
1418 4609 1608 4694 Philippum

349 4726 383 4780 et
408 4716 449 4780 N.
472 4716 711 4799 supradictum,
734 4715 824 4778 idem
850 4715 1024 4799 Philippus
1048 4715 1110 4778 sub
1131 4714 1247 4778 debito
1261 4712 1442 4794 juramenti
1466 4714 1516 4776 sui
1540 4734 1609 4776 sus-

349 4822 437 4903 cepit
452 4843 537 4885 onus
553 4821 719 4905 purgandi
735 4842 771 4883 se
786 4840 898 4883 coram
915 4819 1054 4883 domino
1072 4819 1250 4901 Episcop0,
1266 4819 1292 4880 si
1309 4818 1399 4881 sama
1421 4818 1454 4880 in
1477 4826 1607 4881 tantum

350 4924 477 4988 laboret
514 4924 605 5007 quod
644 4924 798 5008 purgatio
837 4923 1023 4986 necessaria
1061 4923 1111 4999 sit,
1150 4942 1225 4984 cum
1270 4941 1369 5002 super
1407 4920 1470 4983 hoc
1513 4921 1608 4984 suerit

349 5028 535 5109 requisitus.
