3609 5642
357 551 422 611 112
698 542 836 615 Rotulz'
858 544 1035 639 Hugonis
1060 546 1105 619 de
1131 545 1262 619 Welles

350 775 490 842 [Richard
497 775 531 828 a'e
542 776 713 838 Menesthea,
733 778 812 837 clerk,
824 779 974 846 presented
988 779 1021 847 by
1041 779 1166 833 William
1183 781 1216 834 de
1234 782 1348 836 Breaut'
1358 785 1391 852 by
1403 800 1501 838 reason
1519 789 1556 855 os
1569 789 1617 842 nie

414 858 558 926 wardsln'p
574 860 610 926 os
621 859 666 912 tlte
683 859 756 913 land
770 862 805 930 of
819 861 882 929 Guy
892 861 927 914 de
949 861 1041 923 Wclt',
1057 864 1083 915 is
1101 863 1248 916 imtt'tuted
1261 870 1289 917 to
1305 865 1351 918 tlte
1366 867 1468 921 churck
1484 868 1520 936 os
1536 869 1615 924 Wick

414 939 503 1008 Dyve,
514 941 588 993 alias
604 941 738 1008 Wt'cken.]

436 1059 754 1144 WICKA.-Quint0
770 1062 901 1127 decimo
919 1062 1091 1128 Kalendas
1108 1065 1189 1129 Maii
1205 1067 1367 1149 magister
1385 1068 1549 1133 Ricardus
1569 1070 1614 1134 de

350 1163 549 1241 Maverthin,
565 1163 712 1242 clericus,
727 1175 937 1248 presentatus
948 1186 1007 1250 per
1015 1168 1189 1231 dominum
1201 1169 1407 1235 Willelmum
1420 1172 1463 1235 de
1479 1173 1612 1239 Breaut'

348 1267 390 1330 ad
407 1266 581 1331 ecclesiam
594 1268 637 1332 de
654 1269 761 1332 Wick’
774 1271 902 1334 ratione
911 1271 1063 1335 custodie
1078 1292 1179 1354 quam
1195 1273 1298 1337 habet
1313 1273 1356 1337 de
1372 1284 1459 1339 terra
1473 1296 1539 1357 que
1550 1277 1613 1342 luit

349 1371 516 1453 Wydonis
532 1372 574 1435 de
592 1373 707 1450 Wick',
724 1374 812 1438 sacta
831 1375 921 1456 prius
944 1377 1157 1457 inquisitione
1178 1397 1236 1459 per
1259 1378 1306 1456 R,
1324 1378 1612 1446 Archidiaconum

349 1476 625 1560 Norhamptonie,
649 1487 719 1555 etc,
744 1478 911 1542 admissus
935 1490 986 1544 est
1010 1491 1043 1545 et
1069 1500 1210 1563 persona
1234 1483 1407 1547 institutus
1426 1485 1460 1547 in
1490 1484 1611 1550 eadem

348 1601 423 1643 cum
458 1601 559 1644 onere
593 1582 806 1646 residentiam
838 1583 981 1648 faciendi
1014 1585 1047 1647 in
1074 1585 1202 1662 eadem,
1226 1595 1261 1649 et
1287 1587 1397 1650 eidem
1433 1587 1465 1650 in
1499 1588 1612 1653 officio

329 1684 543 1749 sacerdotali
565 1685 772 1749 deserviendi
787 1708 794 1762 ;
818 1696 853 1750 et
874 1688 1071 1751 mandatum
1090 1697 1141 1752 est
1156 1687 1248 1753 dicto
1266 1689 1523 1769 Archidiacon0,
1538 1703 1612 1770 etc,

346 1797 383 1851 ut
399 1787 508 1871 ipsum
525 1789 558 1851 in
575 1787 801 1873 corporalem.¹

345 2133 507 2202 [Walterde
518 2134 634 2188 Stiuecle
644 2136 670 2186 ts
680 2134 827 2187 instituted
835 2140 863 2188 to
874 2134 918 2187 tlte
928 2134 1029 2187 chitrei
1041 2136 1077 2204 of
1087 2136 1254 2200 Southwt'ck,
1266 2153 1304 2189 on
1314 2138 1359 2191 the
1371 2141 1561 2206 presentation
1580 2142 1619 2209 os

410 2217 455 2268 tlte
465 2216 552 2269 Prior
560 2215 621 2268 aeid
632 2215 742 2269 Canens
753 2218 788 2285 os
801 2216 1012 2284 Huntingdon.}

433 2335 769 2400 SUDWIC’.-Tercio
791 2335 908 2399 Nonas
929 2335 1010 2398 Maii
1031 2337 1189 2419 magister
1208 2336 1376 2401 Walterus
1394 2338 1438 2402 de
1462 2338 1611 2405 Stiuecle

346 2449 556 2522 presentatus
573 2458 633 2522 per
658 2441 803 2503 Priorem
820 2449 853 2504 et
868 2441 1049 2504 canonicos
1064 2440 1107 2504 de
1125 2441 1359 2525 Huntingdon’
1375 2443 1418 2507 ad
1434 2444 1610 2508 ecclesiam

345 2545 387 2608 de
413 2543 555 2620 Sudwic,
574 2543 663 2606 facta
688 2545 778 2625 prius
798 2545 1013 2626 inquisitione
1034 2564 1092 2626 per
1112 2543 1396 2608 Archidiaconum
1418 2546 1609 2630 Norhamp-

344 2647 444 2723 tonie,
460 2656 530 2722 etc,
550 2645 715 2709 admissus
735 2656 786 2709 est
805 2657 840 2711 et
859 2648 893 2709 in
912 2667 953 2710 ea
972 2648 1130 2710 canonice
1150 2665 1292 2728 persona
1312 2649 1493 2726 institutus,
1508 2650 1609 2715 salvis

344 2751 522 2832 sexaginta
538 2750 652 2813 solidis
675 2751 793 2813 annuis
809 2751 908 2814 dictis
925 2751 1028 2813 Priori
1044 2760 1078 2814 et
1093 2751 1262 2814 canonicis
1277 2751 1447 2816 decadem
1468 2753 1609 2818 ecclesia

345 2856 479 2918 nomine
504 2858 654 2937 perpetui
685 2853 835 2918 beneficii
867 2875 927 2938 per
957 2876 1093 2919 manum
1124 2856 1204 2919 dicti
1235 2855 1287 2919 W.
1318 2866 1352 2919 et
1378 2877 1607 2921 successorum

344 2979 479 3023 suorum
501 2958 730 3041 percipiendis,
757 2967 791 3022 et
815 2958 916 3022 salvis
941 2959 1058 3022 decem
1084 2959 1199 3022 solidis
1225 2961 1344 3022 annuis
1369 2959 1540 3023 Willelmo
1563 2959 1608 3023 de

344 3061 497 3126 Avalone
513 3063 674 3126 canonico
691 3062 859 3145 prebende
873 3062 1046 3126 Lincolnie
1061 3061 1104 3125 de
1116 3062 1307 3126 Nessinton’
1317 3074 1351 3127 et
1361 3063 1607 3126 successoribus

344 3167 411 3230 suis
431 3165 582 3247 ejusdem
603 3166 774 3250 prebende
797 3167 966 3230 canonicis
990 3187 1010 3229 a
1029 3166 1121 3229 dicto
1137 3166 1287 3230 Waltero
1307 3177 1341 3231 et
1361 3167 1608 3231 successoribus

343 3270 411 3333 suis
437 3270 572 3333 nomine
595 3270 746 3352 perpetui
771 3268 923 3332 beneficii
943 3269 1145 3333 deecclesia
1166 3280 1351 3334 memorata
1371 3269 1607 3353 persolvendis.

345 3374 537 3456 Injunctum
557 3383 608 3437 est
626 3375 728 3437 etiam
749 3373 859 3436 eidem
880 3373 1031 3437 Waltero
1050 3375 1141 3455 quod
1161 3374 1203 3437 ad
1224 3374 1358 3438 ordines
1377 3383 1456 3437 ante
1483 3374 1606 3438 festum

343 3478 458 3543 Sancti
490 3477 663 3541 Michaelis
694 3477 911 3541 celebrandos
938 3498 1028 3541 anno
1053 3477 1266 3561 pontificatus
1291 3479 1418 3541 domini
1446 3477 1607 3562 Episcopi

341 3581 594 3664 quartodecimo
616 3581 728 3644 veniat
752 3581 784 3643 in
809 3579 1052 3644 subdiaconum
1076 3580 1290 3644 ordinandus.
1338 3581 1383 3644 Et
1407 3580 1606 3646 mandatum

340 3694 392 3749 est
409 3683 656 3748 Archidiacono
673 3685 940 3766 Norhamptonie
955 3685 1055 3766 quod,
1070 3693 1130 3748 etc.
1177 3683 1410 3749 Subdiaconus
1425 3692 1484 3748 est

342 4025 489 4093 [Edward
496 4025 530 4079 de
546 4025 792 4083 Westmonasten'o,
800 4025 949 4092 presented
963 4025 996 4093 by
1011 4024 1137 4078 Wiltebm
1148 4024 1182 4078 de
1193 4025 1227 4077 K
1223 4026 1352 4093 metilupo
1363 4026 1396 4094 dy
1406 4042 1504 4079 reason
1518 4028 1555 4095 of
1560 4027 1607 4080 tlte

406 4108 518 4177 nestody
529 4108 565 4176 of
570 4107 655 4160 Peter
663 4109 697 4160 de
707 4106 879 4174 Montefortr',
893 4107 919 4158 tr
929 4107 1077 4160 instituted
1085 4112 1112 4159 to
1124 4107 1169 4160 the
1179 4107 1281 4161 chrerclt
1292 4109 1328 4176 os
1333 4106 1524 4176 Ridltngton]

430 4225 873 4291 RATLINGTON.—Octavo
902 4224 978 4289 Kal.
1004 4225 1163 4290 Octobris
1192 4226 1401 4291 Eadwardus
1427 4225 1470 4290 de
1493 4225 1606 4291 West·

341 4331 554 4406 monasterio
571 4328 805 4406 subdiaconus
822 4339 1033 4411 presentatus
1058 4351 1116 4413 per
1138 4329 1314 4393 dominum
1330 4329 1538 4394 Willelmum
1561 4329 1606 4394 de

343 4435 529 4518 Kantilupo
544 4433 674 4497 ratione
689 4433 840 4497 custodie
855 4453 957 4516 quam
973 4433 1073 4497 habet
1097 4432 1140 4497 de
1158 4434 1256 4497 Petro
1271 4434 1314 4497 de
1339 4433 1536 4498 Monteiorti
1559 4433 1602 4498 ad

340 4539 514 4603 ecclesiam
526 4539 569 4601 de
585 4535 802 4619 Ratlington’,
815 4536 902 4601 facta
919 4538 1009 4619 prius
1023 4537 1238 4620 inquisitione
1249 4557 1308 4619 per
1317 4536 1603 4600 Archidiaconum

343 4641 619 4724 Norhamptonie,
628 4649 700 4718 etc,
710 4640 876 4703 admissus
887 4651 940 4703 est
951 4651 985 4704 et
995 4642 1027 4704 in
1040 4662 1081 4704 ea
1089 4641 1250 4705 canonice
1261 4660 1405 4724 persona
1414 4641 1604 4715 institutus;

340 4755 375 4810 et
391 4745 578 4827 injunctum
596 4754 646 4810 est
664 4743 812 4808 Radulso
827 4744 947 4806 clerico
963 4743 1209 4822 Archidiaconi,
1226 4755 1287 4808 etc.

523 4993 531 5021 ¹
546 4991 577 5050 ln
588 4991 637 5043 the
649 4991 755 5058 margin
763 4995 820 5042 :·-·‘
830 4989 894 5044 Non
907 4989 1045 5046 habemus
1056 4989 1162 5046 litteras
1174 4987 1414 5059 presentationis?
