3609 5642
317 514 364 599 64
661 511 797 584 Rutuli
821 510 997 606 Hugonz's
1021 512 1066 583 de
1100 509 1232 582 Welles

318 751 464 814 Priorem
505 750 692 833 Hospitalis
728 751 989 834 Jerosolimitani
1027 751 1060 814 in
1101 750 1225 832 Anglia
1263 759 1297 813 et
1329 749 1498 831 Rogerum
1529 749 1571 812 de

317 853 545 917 Wimberville
576 855 679 936 ipsius
709 855 847 918 ecclesie
878 864 1091 937 patronatum
1123 855 1155 916 in
1188 854 1279 916 curia
1308 852 1436 916 domini
1469 853 1571 934 Regis

315 959 421 1033 enitit,
436 957 479 1020 ad
496 957 637 1021 eandem
653 959 827 1022 ecclesiam
845 957 1011 1021 admissus
1026 967 1086 1032 est,
1098 967 1132 1020 et
1149 958 1181 1019 in
1198 977 1239 1020 ea
1254 957 1413 1020 canonice
1430 977 1571 1040 persona

317 1063 496 1127 institutus.
544 1064 589 1126 Et
621 1063 806 1144 injunctum
838 1074 889 1127 est
921 1063 1168 1127 Archidiacono
1205 1064 1350 1145 presenti
1380 1063 1480 1144 quod,
1510 1073 1570 1125 etc.

321 1169 445 1229 Actum
463 1166 568 1249 pridie
587 1167 776 1230 Kalendars
793 1167 927 1250 Aprilis.

316 1360 439 1427 [Walter
448 1361 482 1414 de
492 1361 632 1426 Ailesbire‚
646 1363 754 1424 dercon,
764 1363 910 1432 presented
924 1363 1011 1430 hythe
1021 1362 1109 1415 Arbor
1118 1362 1179 1415 and
1191 1362 1316 1414 Convent
1327 1361 1535 1430 osMrlrsenden,
1548 1363 1573 1414 ir

381 1444 527 1497 instituted
535 1451 562 1497 to
573 1445 618 1498 the
624 1445 775 1513 perpetual
783 1449 914 1514 vr'carage
925 1447 961 1512 of
969 1445 1104 1514 Chalfont
1113 1446 1153 1498 St.
1166 1445 1254 1498 Peter.
1287 1445 1314 1496 Τ
1310 1445 1345 1496 lte
1355 1445 1488 1514 vicarage
1498 1447 1523 1497 is
1533 1451 1574 1498 set

381 1531 434 1578 out.
469 1525 515 1578 He
522 1527 547 1579 is
559 1532 586 1579 to
597 1527 627 1579 be
638 1527 891 1596 arduinedpn'est.]

297 1707 299 1710 .
358 1682 359 1685 ¹
404 1653 530 1719 SUPER
557 1654 721 1718 V1cnnm
747 1669 796 1717 oa
824 1654 1311 1736 Cancruuura.-Magister
1335 1654 1503 1719 Walterus
1529 1655 1572 1720 de

318 1757 492 1834 Ailesbire‚
522 1757 692 1835 diaconus,
722 1767 933 1841 presentatus
964 1778 1023 1841 per
1054 1756 1222 1821 Abbatem
1247 1768 1281 1821 et
1304 1769 1505 1822 conventum
1529 1760 1572 1824 de

318 1861 540 1925 Messendene
577 1861 620 1924 ad
661 1871 855 1944 perpetuam
895 1862 1051 1924 vicariam
1094 1862 1232 1926 ecclesie
1271 1862 1313 1925 de
1359 1862 1573 1940 Chall‘hunte

316 1965 405 2029 sacta
428 1967 518 2049 prius
556 1967 770 2049 inquisitione
800 1987 859 2049 per
886 1966 1087 2049 Magistrum
1119 1966 1212 2043 Tho,
1234 1966 1422 2031 Officialem
1453 1966 1573 2030 Archi-

316 2069 448 2134 diaconi
473 2069 797 2152 Bukinghamiensis,
821 2091 879 2152 per
901 2089 1013 2150 quam,
1035 2079 1107 2146 etc,
1130 2069 1295 2134 admissus
1325 2081 1377 2134 θεῖ
1406 2082 1440 2134 θῖ
1471 2071 1504 2133 in
1531 2091 1572 2134 ea

316 2176 457 2238 vicarius
477 2185 657 2258 perpetuus
676 2175 857 2250 institutus,
873 2195 949 2236 cum
974 2194 1074 2237 onere
1096 2184 1130 2238 et
1155 2195 1240 2256 pena
1264 2176 1471 2238 vicariorum.
1520 2175 1572 2238 Ita

315 2279 451 2363 quidem
482 2279 573 2362 quod
603 2278 646 2342 ad
686 2278 880 2341 mandatum
920 2277 1047 2341 domini
1080 2279 1239 2362 Episcopi
1270 2281 1383 2342 veniat
1417 2281 1450 2342 in
1482 2270 1572 2362 pres-

315 2383 459 2447 biterum
498 2381 712 2445 ordinandus.
759 2381 921 2445 Consistit
958 2391 1070 2444 autem
1110 2382 1227 2446 eadem
1267 2384 1390 2446 vicaria
1428 2385 1460 2446 in
1499 2394 1572 2447 toto

316 2487 482 2570 altelagio,
498 2496 532 2549 et
556 2487 587 2548 in
612 2485 767 2547 omnibus
790 2485 885 2547 terris
909 2506 984 2548 cum
1009 2488 1189 2568 mesuagirs
1211 2496 1246 2549 et
1268 2486 1340 2548 aliis
1365 2487 1572 2569 pertinentiis

315 2589 358 2653 ad
386 2589 527 2653 eandem
549 2599 670 2651 terram
695 2588 834 2650 ecclesie
854 2588 1106 2670 pertinentibus,
1125 2600 1270 2672 excepto
1291 2591 1462 2671 mesuagio
1481 2590 1571 2672 quod

317 2692 481 2757 Radulsus
508 2691 679 2775 quondam
705 2691 860 2754 sacerdos
887 2701 922 2754 et
946 2712 1087 2774 persona
1114 2693 1252 2756 ecclesie
1279 2703 1471 2770 memorate,
1495 2714 1571 2758 cum

314 2816 417 2880 grava
440 2797 596 2878 proxima
614 2795 723 2859 eidem
746 2795 918 2876 mesuagio
941 2796 1057 2872 tenuit,
1073 2806 1106 2859 et
1127 2806 1272 2879 excepto
1294 2797 1466 2879 mesuagio
1481 2797 1571 2879 quod

315 2901 395 2962 olim
419 2900 525 2963 tenuit
550 2898 721 2974 Ricardus,
745 2898 915 2980 presbiter,
936 2919 1013 2962 cum
1035 2903 1148 2963 crofta.
1197 2901 1336 2964 Decime
1361 2909 1474 2964 autem
1498 2921 1572 2984 gar·
1646 2891 1654 2900 ’

315 3004 432 3068 barum
462 3005 564 3066 totius
587 3003 752 3085 parochie,
775 3004 929 3085 exceptis
952 3001 1090 3065 decimis
1114 3002 1291 3084 garbarum
1316 3014 1403 3067 terre
1426 3004 1574 3082 ecclesie,

315 3108 358 3171 ad
390 3106 561 3170 Abbatem
594 3116 628 3170 et
665 3115 867 3170 conventum
907 3107 1082 3188 pertinent.
1128 3107 1281 3170 Vicarius
1320 3107 1501 3190 respondet
1530 3108 1573 3172 de

315 3210 529 3287 sinodalibus,
552 3220 586 3274 et
609 3211 759 3273 canonici
783 3210 826 3273 de
849 3210 996 3292 hospitio
1021 3209 1266 3273 Archidiaconi.
1314 3209 1366 3274 De
1397 3212 1471 3274 aliis
1493 3233 1572 3275 vero

314 3314 549 3380 exactionibus
575 3315 717 3377 vicarius
745 3335 805 3397 pro
832 3316 955 3378 vicaria
985 3336 1045 3377 sua
1076 3313 1299 3397 respondebit,
1325 3325 1360 3379 et
1390 3315 1509 3379 Abbas
1538 3326 1572 3380 et

314 3430 499 3485 conventus
530 3441 591 3502 pro
621 3440 681 3482 sua
719 3420 883 3501 portione.
931 3420 977 3482 Et
1016 3419 1202 3500 injunctum
1241 3430 1292 3483 est
1324 3419 1573 3483 Archidiacono

314 3525 462 3609 presenti
478 3535 523 3600 ut,
539 3534 600 3587 etc.

312 3744 450 3815 [Rr'clrard
459 3743 493 3796 de
509 3743 605 3812 Wlsey,
618 3743 785 3806 sub-deacom
795 3743 942 3811 presented
949 3744 982 3812 by
992 3744 1037 3798 tlte
1048 3744 1137 3798 Abbot
1145 3743 1206 3804 and
1216 3744 1343 3797 Convtnt
1351 3744 1388 3812 of
1394 3744 1535 3812 Fougeres
1544 3749 1572 3797 to

379 3828 424 3880 tlte
438 3826 548 3880 Charclr
559 3827 594 3894 of
602 3825 742 3894 Twyford,
755 3827 779 3878 is
796 3826 943 3879 instituted
950 3831 1058 3894 parson
1074 3826 1186 3894 thereos.
1223 3826 1250 3877 Τ
1246 3826 1281 3879 lte
1297 3826 1379 3895 n‘glrt
1393 3826 1429 3894 os
1446 3826 1571 3880 Wllrbm

379 3910 425 3963 tlte
435 3908 567 3976 chaplain
579 3912 606 3960 to
617 3907 662 3960 the
672 3908 802 3975 vicarage
815 3907 839 3960 is
849 3908 984 3971 reserved
997 3907 1058 3960 and
1062 3909 1123 3961 atro
1133 3908 1196 3960 that
1204 3909 1241 3977 os
1245 3907 1291 3960 the
1301 3908 1390 3961 Abho!
1399 3908 1461 3960 and
1468 3909 1574 3962 Monta

378 3999 406 4045 to
414 4007 432 4044 a
438 3991 558 4058 pensiori
570 3991 605 4059 os
610 3991 627 4041 ό
638 3989 733 4041 marks
744 3989 826 4042 when
832 3990 946 4058 proved
953 3990 1025 4059 dua]

402 4126 838 4191 TWYFORDE.—Ricardus
874 4127 918 4190 de
947 4127 1070 4210 Wlfey‚
1099 4125 1332 4205 subdiaconus,
1363 4139 1572 4211 presentatus

317 4255 375 4318 per
400 4232 570 4296 Abbatem
595 4241 629 4295 et
652 4241 854 4294 conventum
878 4231 921 4294 de
945 4231 1111 4313 Feugeres
1135 4229 1177 4293 ad
1201 4231 1375 4294 ecclesiam
1402 4231 1445 4296 de
1472 4233 1572 4296 Twif-

316 4338 419 4413 sorde,
449 4336 538 4399 sacta
568 4335 660 4417 prius
690 4335 906 4417 inquisitione
936 4356 994 4418 per
1025 4335 1080 4411 M,
1112 4334 1395 4400 Archidiaconum
1424 4337 1571 4421 Buking-

314 4443 531 4516 hamiensem,
547 4459 732 4522 perquam,
747 4449 821 4516 etc,
836 4439 1003 4503 admissus
1018 4450 1078 4516 est,
1093 4449 1128 4503 et
1143 4440 1177 4501 in
1193 4461 1233 4502 ea
1248 4442 1408 4505 canonice
1429 4461 1571 4524 persona

315 4547 508 4621 institutus;
532 4543 625 4606 salvo
656 4542 836 4619 Willelmo,
863 4542 1070 4626 cappellan0,
1095 4542 1168 4623 jure
1198 4564 1259 4605 suo
1288 4547 1378 4626 quod
1408 4545 1511 4609 habet
1537 4546 1570 4608 in

314 4648 467 4732 ejusdem
499 4647 638 4712 ecclesie
669 4647 797 4723 vicarie,
822 4647 914 4710 salva
944 4647 1046 4710 etiam
1074 4646 1202 4710 Abbati
1227 4656 1261 4709 et
1289 4648 1472 4711 monachiis
1499 4647 1571 4732 [sic]

315 4755 476 4838 pensione
503 4771 563 4814 sua
590 4771 651 4813 sex
677 4770 861 4813 marcarum
885 4771 986 4833 quam
1011 4759 1139 4833 petunt,
1161 4770 1237 4812 cum
1261 4751 1473 4832 probaverint
1495 4773 1569 4816 eam

314 4879 387 4923 esse
402 4856 551 4921 debitam
570 4865 603 4919 et
624 4855 806 4939 antiquam.
855 4854 900 4918 Et
922 4853 1118 4919 mandatum
1140 4863 1192 4917 est
1207 4852 1298 4916 dicto
1316 4853 1570 4932 Archidiacono,

314 4973 360 5040 ut,
375 4972 436 5028 etc.
