3609 5642
355 554 421 641 186
701 540 1027 665 Rutuli'Hugonz's
1053 570 1097 642 de
1124 570 1254 642 Welles

347 810 513 885 clericum,
529 810 571 872 ad
588 809 730 872 eandem
746 809 922 872 ecclesiam
938 808 981 873 de
998 808 1164 872 Everdon'
1180 808 1364 885 admisisse,
1379 808 1558 890 ipsumque
1574 808 1605 869 in

349 935 388 977 ea
404 914 564 976 canonice
582 933 759 995 personam
777 914 969 987 instituisse,
985 912 1077 975 salva
1101 912 1271 989 Silvestro,
1294 912 1423 987 clerico,
1447 922 1606 993 perpetua

348 1016 472 1079 vicaria
501 1037 562 1079 sua
592 1036 693 1097 quam
726 1016 828 1079 habet
858 1017 891 1078 in
923 1015 1065 1094 eadem;
1096 1017 1153 1098 qui
1180 1015 1305 1079 dictam
1330 1014 1504 1079 ecclesiam
1530 1036 1605 1079 cum

348 1119 503 1182 omnibus
520 1120 728 1201 pertinentiis
744 1120 811 1182 suis
827 1120 954 1183 tenebit
971 1121 1106 1184 nomine
1123 1129 1282 1202 perpetue
1294 1119 1423 1195 vicarie,
1436 1118 1607 1182 reddendo

349 1223 439 1286 dicto
456 1224 620 1305 Magistro
638 1221 827 1305 Reginaldo
843 1233 877 1287 et
892 1224 1139 1286 successoribus
1155 1224 1223 1286 suis
1240 1222 1367 1305 prefate
1382 1223 1521 1287 ecclesie
1536 1244 1606 1305 per-

348 1327 439 1388 sonis
466 1327 613 1409 quinque
640 1347 768 1390 marcas
791 1346 920 1389 annuas
945 1327 1082 1389 nomine
1110 1326 1281 1409 pensionis
1306 1336 1339 1389 et
1365 1325 1538 1389 monachis
1565 1325 1606 1389 de

350 1430 481 1511 Bernay
511 1428 660 1494 debitam
691 1441 725 1493 et
755 1432 928 1512 antiquam
960 1432 1165 1512 pensionem,
1189 1431 1216 1492 si
1248 1450 1314 1511 qua
1346 1429 1452 1492 suerit.
1512 1428 1604 1492 Idem

349 1544 460 1597 autem
477 1534 618 1597 vicarius
634 1534 748 1597 omnia
769 1555 870 1597 onera
890 1534 1057 1597 ordinaria
1077 1534 1163 1597 illius
1184 1532 1456 1597 ecclesievdebita
1475 1543 1510 1597 et
1529 1554 1606 1596 con·

350 1648 445 1724 sueta
468 1639 654 1714 sustinebit,
677 1639 778 1701 salvis
804 1639 837 1702 in
861 1638 1027 1715 omnibus
1043 1648 1103 1702 etc.
1158 1637 1259 1720 Quod
1284 1646 1320 1700 ut
1344 1637 1430 1720 [etc.,
1457 1637 1606 1719 sealing],

349 1743 412 1806 hiis
449 1742 599 1818 testibus,
638 1743 802 1824 Magistro
832 1741 1003 1805 Willelmo
1041 1742 1084 1805 de
1116 1742 1300 1817 Lincolnia,
1334 1741 1496 1804 canonico
1529 1740 1605 1802 Lin-

349 1848 518 1923 colniensi,
549 1847 696 1910 Radulso
730 1847 773 1910 de
809 1846 1003 1922 Warravill’,
1034 1848 1195 1909 canonico
1231 1846 1400 1921 Wellensi‚
1437 1844 1606 1926 Magistris

350 1950 521 2013 Willelmo
547 1950 590 2013 de
620 1950 741 2013 Cantia
772 1962 806 2014 et
836 1950 1020 2012 Amaurico
1050 1950 1093 2013 de
1125 1949 1338 2032 Buggedene,
1364 1948 1536 2011 Willelmo
1565 1947 1607 2010 de

351 2053 625 2129 Winchecumba,
639 2053 784 2116 Ricardo
800 2054 843 2117 de
859 2053 998 2118 Oxonia
1014 2065 1048 2117 et
1065 2053 1201 2118 Olivero
1212 2053 1256 2116 de
1272 2053 1457 2128 Chednet0,
1473 2052 1606 2115 clericis

354 2158 444 2220 Data
467 2177 524 2239 per
549 2177 686 2219 manum
703 2157 835 2220 Thome
858 2157 900 2221 de
926 2157 1111 2219 Fiskerton'
1132 2156 1330 2239 cappellani,
1353 2156 1505 2220 canonici
1533 2156 1607 2218 Lin-

351 2262 538 2336 colniensis,
558 2261 647 2343 apud
674 2261 873 2325 Middclton‘
898 2263 931 2324 iii
956 2282 1062 2324 nonas
1087 2261 1242 2344 Augusti,
1267 2260 1481 2344 pontificatus
1505 2262 1608 2323 nostri

351 2387 440 2429 anno
456 2386 500 2427 xr.

351 2604 423 2669 [The
434 2604 590 2655 institution
601 2604 637 2671 os
646 2604 708 2667 Guy
717 2619 768 2655 son
779 2604 814 2670 os
821 2603 896 2671 Ralf
901 2609 929 2655 to
940 2604 985 2655 tlte
1000 2603 1099 2656 churck
1111 2604 1147 2669 of
1158 2602 1307 2670 Whiffleld·
1320 2618 1356 2654 on
1367 2602 1412 2655 tlte
1418 2604 1609 2669 presentation

415 2686 451 2752 os
460 2686 506 2737 the
516 2685 675 2737 Abbotand
686 2684 812 2737 convent
821 2686 1030 2753 onynslram,·
1047 2686 1109 2753 Sep.
1118 2702 1145 2749 5.
1159 2686 1243 2753 raso]

440 2796 915 2874 Wl⁷TEFELDE.—Omnibus,
931 2808 991 2861 etc.
1039 2799 1178 2861 Noverit
1202 2798 1399 2861 universitas
1416 2809 1527 2861 vestra
1551 2818 1610 2861 nos

353 2900 396 2963 ad
418 2901 699 2982 presentationem
720 2899 918 2964 dilectorum
940 2903 973 2963 in
990 2902 1124 2966 Christo
1144 2901 1297 2979 filiorum,
1313 2900 1458 2965 Abbatis
1478 2912 1513 2965 et
1533 2922 1609 2965 con-

353 3013 472 3066 ventus
492 3004 535 3066 de
556 3004 791 3086 Eigneshame,
812 3014 1028 3087 patronorum
1048 3005 1186 3069 ecclesie
1206 3005 1249 3068 de
1264 3004 1489 3087 Wbytcseldc,
1511 3005 1609 3069 dilec-

353 3117 424 3169 tum
457 3108 490 3169 in
522 3107 655 3171 Christo
688 3107 802 3184 filium,
833 3108 1024 3173 Guidonem
1059 3108 1163 3171 filium
1197 3106 1341 3183 Radulfi,
1371 3108 1538 3183 clericum,
1567 3108 1608 3171 ad

354 3211 496 3274 eandem
519 3213 694 3276 ecclesiam
718 3212 901 3290 admisisse,
925 3214 1102 3296 ipsumque
1125 3214 1157 3276 in
1182 3235 1222 3276 ea
1248 3214 1407 3276 canonice
1433 3232 1608 3295 personam

353 3316 545 3391 instituisse,
570 3316 662 3379 salvo
686 3316 785 3379 dictis
812 3317 985 3380 monachis
1009 3317 1082 3398 jure
1109 3338 1170 3379 suo
1195 3338 1294 3399 super
1316 3316 1486 3399 pensione,
1509 3336 1609 3398 quam

354 3421 498 3501 exigunt
513 3418 556 3482 de
574 3419 701 3500 prefata
717 3420 866 3496 ecclesia,
882 3422 909 3483 si
926 3441 1027 3503 quam
1046 3422 1258 3503 probaverint
1274 3420 1318 3484 ad
1335 3442 1371 3484 se
1387 3420 1563 3503 pertinere,
1578 3433 1610 3482 et

354 3526 446 3587 salva
468 3524 679 3587 ordinatione
703 3534 816 3586 nostra
839 3545 941 3607 quam
966 3524 1161 3587 duxerimus
1186 3524 1371 3588 faciendam
1396 3524 1439 3587 de
1462 3522 1612 3606 predicta

355 3627 523 3711 pensione,
552 3629 579 3690 si
610 3648 677 3689 non
710 3627 806 3690 suerit
837 3627 1001 3709 probata,
1033 3628 1133 3690 salvis
1163 3628 1264 3691 etiarn
1296 3628 1330 3689 in
1357 3626 1524 3702 omnibus,
1551 3636 1611 3689 etc.

355 3730 455 3815 Quod
487 3741 525 3793 ut
562 3730 647 3813 [etc.,
677 3731 830 3813 sealing],
861 3730 924 3794 hiis
962 3730 1112 3807 testibus,
1152 3729 1298 3793 Radulso
1336 3730 1379 3793 de
1416 3729 1612 3805 Warravill’,

354 3836 516 3899 canonico
548 3834 717 3911 Wellensi‚
750 3835 914 3917 Magistro
946 3836 1115 3898 Willelmo
1146 3835 1188 3898 de
1217 3835 1346 3911 Cantia,
1373 3834 1544 3897 Willelmo
1570 3833 1612 3896 de

355 3937 630 4014 Winchecumba,
647 3937 793 4001 Ricardo
807 3937 851 4001 de
867 3939 1000 4021 Cernay
1016 3950 1050 4002 et
1066 3938 1202 4003 Olivero
1217 3938 1260 4001 de
1277 3937 1461 4013 Chednet0,
1477 3936 1612 4000 clericis.

357 4042 448 4105 Data
470 4062 529 4123 per
553 4062 688 4104 manum
713 4041 846 4105 Thome
869 4041 912 4105 de
937 4042 1122 4107 Fiskerton'
1148 4042 1345 4125 cappellani,
1364 4040 1514 4104 canonici
1534 4040 1612 4103 Lin-

355 4145 541 4222 colniensis,
568 4145 658 4229 apud
689 4146 871 4229 Cropperie
901 4148 998 4210 nonis
1030 4147 1237 4229 Septembris
1267 4145 1481 4228 pontificatus
1509 4146 1612 4209 nostri

356 4269 446 4311 anno
463 4270 507 4311 xi.

354 4506 428 4572 [The
439 4506 595 4558 instituunt
605 4506 641 4572 os
652 4505 776 4558 Wlliam
788 4506 821 4559 de
832 4506 956 4559 Hembr'r‘
968 4512 994 4558 to
1005 4506 1050 4559 tlte
1061 4508 1192 4572 vt'caruge
1210 4506 1245 4571 os
1258 4506 1387 4557 Marston
1399 4504 1438 4558 St.
1452 4504 1595 4558 Laureuce
1602 4522 1615 4567 ,·

419 4590 493 4656 Sept.
506 4604 527 4653 7,
541 4591 625 4652 mo]

445 4699 888 4777 MERSTONE.-Omnibus,
913 4711 974 4763 etc.
1031 4700 1169 4762 Noverit
1193 4699 1389 4762 universitas
1416 4708 1528 4761 vestra
1553 4720 1613 4761 nos

355 4804 398 4868 ad
416 4805 699 4887 presentationem
717 4802 862 4867 Abbatis
878 4813 912 4866 et
928 4813 1112 4866 conventus
1136 4804 1241 4865 sancti
1260 4802 1387 4866 Ebrulfi
1405 4800 1611 4865 Willelmum

355 4908 398 4971 de
417 4907 576 4983 Hembir’,
592 4906 836 4989 cappellanum,
852 4906 894 4969 ad
917 4918 1111 4989 perpetuam
1129 4908 1285 4970 vicariam
1306 4905 1444 4969 ecclesie
1464 4905 1507 4968 de
1526 4906 1612 4969 Mer-

356 5021 453 5073 stone
469 5032 527 5093 per
547 5030 608 5072 nos
627 5010 816 5073 ordinatam
837 5010 1021 5087 admisisse,
1038 5012 1214 5093 ipsumque
1238 5011 1271 5072 in
1294 5031 1334 5073 ea
1357 5010 1518 5073 canonice
1541 5031 1611 5094 per-
