3609 5642
625 554 804 654 Episcopi
835 552 1118 630 Lincolnz‘enszs.
1451 575 1499 648 39

244 791 399 861 [Hemyde
413 793 556 862 Cantilup',
564 791 733 856 sub-dcam,
737 790 887 860 presented
894 789 979 859 hythe
986 790 1139 844 Priorond
1145 790 1273 844 Conveni
1278 790 1315 858 of
1316 789 1499 854 Kendwortt

312 875 338 926 is
348 875 493 928 muluud
493 878 601 943 parson
611 877 647 944 of
659 873 768 943 Herae]

336 1019 524 1084 HECHERE
540 1017 833 1102 [sic].-Henricus
859 1018 902 1082 de
926 1017 1102 1100 Cantilup'‚
1117 1017 1349 1093 subdiaconus,
1366 1036 1498 1100 presen-

245 1133 337 1186 tatus
353 1143 412 1206 per
427 1123 574 1188 Priorem
594 1135 628 1186 et
648 1133 849 1186 conventum
866 1121 910 1185 de
930 1120 1183 1185 Keneilleword'
1200 1122 1241 1185 ad
1266 1122 1439 1185 ecclesiam
1456 1120 1499 1184 de

248 1227 387 1304 Hethre,
403 1225 490 1291 facta
506 1228 596 1310 prius
619 1228 833 1309 inquisitione
848 1247 908 1309 per
931 1225 982 1302 A,
997 1225 1278 1290 Archidiaconum
1304 1224 1426 1301 Oxon’,
1441 1245 1501 1307 per

245 1351 357 1414 quam,
372 1342 443 1410 etc,
458 1332 501 1396 ad
528 1332 671 1396 eandem
698 1331 862 1395 admissus
885 1339 946 1407 est,
961 1341 1032 1408 etc,
1047 1339 1081 1394 et
1105 1330 1301 1394 mandatum
1318 1339 1368 1394 est
1389 1329 1498 1393 eidem

246 1433 495 1500 Archidiacono
510 1445 557 1512 ut,
572 1445 634 1499 etc.

244 1689 385 1761 [Peterde
397 1687 524 1748 Camil,
532 1686 680 1755 presented
693 1685 726 1754 by
742 1685 787 1739 the
803 1684 911 1752 Bz'shop
923 1685 960 1753 of
975 1684 1184 1744 Wincltester‚is
1199 1683 1344 1737 instituted
1347 1688 1455 1752 parson
1471 1684 1503 1751 oj

313 1772 483 1841 Addaerdrny.
494 1770 529 1839 by
539 1769 727 1838 dispensatiore
737 1769 773 1838 os
779 1769 856 1836 Pope
870 1767 995 1836 Gregory
1005 1766 1055 1818 IX
1053 1766 1071 1836 .]

334 1906 686 1972 EBURBIR’.-Petrus
701 1903 744 1968 de
764 1903 910 1970 Cancell'
926 1902 1063 1986 [blank],
1079 1912 1290 1986 presentatus
1313 1922 1372 1985 per
1394 1902 1501 1967 domi·

246 2033 328 2077 num
353 2010 620 2074 Wintoniensem
642 2009 848 2091 Episcopum
872 2006 916 2071 ad
937 2006 1110 2071 ecclesiam
1136 2006 1179 2071 de
1205 2007 1391 2082 Eburbiria,
1413 2004 1503 2070 facta

247 2117 339 2200 prius
364 2115 586 2197 inquisitione,
608 2122 642 2177 et
666 2112 883 2195 dispensante
906 2131 982 2174 cum
1006 2132 1047 2174 eo
1069 2110 1208 2174 domino
1232 2131 1320 2194 papa
1340 2109 1502 2193 Gregorio

247 2241 347 2297 nono,
362 2218 544 2284 secundum
565 2217 655 2299 quod
678 2237 698 2280 a
714 2227 809 2300 tergo
832 2215 993 2298 perpendi
1018 2216 1148 2298 poterit,
1164 2236 1222 2299 per
1244 2235 1356 2297 quam,
1371 2224 1442 2291 etc,
1458 2214 1500 2277 ad

246 2323 391 2389 eandem
416 2323 581 2387 admissus
606 2331 657 2384 est
681 2341 739 2404 per
763 2321 960 2402 magistrum
987 2318 1168 2382 Radulfum
1192 2319 1235 2382 de
1259 2317 1405 2402 Appelb’
1429 2339 1502 2401 pro-

247 2437 436 2492 curatorem
452 2446 548 2488 suurn
566 2425 609 2488 ad
626 2423 659 2487 id
683 2423 914 2498 constitutum,
929 2433 963 2485 et
987 2422 1183 2486 mandatum
1207 2431 1258 2486 est
1277 2422 1367 2485 dicto
1386 2420 1503 2486 Archi-

248 2531 393 2596 diacono
409 2539 455 2606 ut,
469 2541 531 2593 etc.

344 2733 401 2818 [ln
417 2732 470 2796 tlte
485 2732 616 2815 margin
627 2729 696 2814 .·-]
714 2731 764 2794 De
778 2730 972 2794 obedientia.

344 2995 413 3080 [On
429 2996 481 3059 tlu
495 2996 587 3059 dorse
601 2996 643 3076 of
649 2995 717 3059 this
731 3005 824 3076 entry
835 2995 905 3078 .·—]

251 3131 463 3199 [Dasperrsatrbn
473 3131 555 3198 from
578 3129 708 3198 Gngm,
727 3129 772 3183 the
787 3133 866 3198 pope,
885 3135 913 3182 to
932 3131 1016 3184 Peter
1029 3130 1062 3184 de
1084 3130 1207 3194 Cancell,
1228 3136 1255 3184 to
1276 3130 1345 3183 hold
1363 3146 1414 3183 one
1429 3130 1510 3184 other

319 3211 432 3282 benefice
443 3212 512 3266 with
523 3227 587 3265 cure
597 3211 734 3279 ossuum]

344 3347 817 3430 ABBERBURv.-Gregorius,
850 3348 1047 3432 Episcopus,
1079 3368 1192 3412 servus
1229 3369 1398 3412 servorum
1435 3349 1508 3425 Dei,

252 3452 377 3517 dilecto
388 3451 455 3516 filio
473 3453 570 3515 Petro
582 3451 625 3515 de
641 3450 939 3515 Cancell'salutem
952 3461 986 3516 et
1001 3453 1220 3535 apostolicam
1231 3452 1506 3517 benedictionem.

254 3556 322 3640 Qui
335 3577 379 3619 ex
393 3553 561 3619 beneficiis
573 3554 634 3617 sibi
647 3554 786 3631 collatis,
797 3556 891 3637 quasi
908 3555 1137 3620 benefaciendi
1150 3555 1312 3621 habentes
1324 3556 1507 3633 materiam,

252 3659 379 3725 exinde
403 3680 505 3743 opera
530 3659 618 3722 bona
641 3658 796 3736 formant,
810 3678 851 3722 ea
874 3659 908 3722 in
924 3680 1003 3723 usus
1025 3659 1183 3724 honestos
1199 3659 1417 3743 dispositione
1432 3681 1507 3744 pro-

252 3763 333 3828 vida
361 3762 581 3847 disponendo,
611 3763 676 3826 alia
705 3762 768 3826 sibi
798 3763 960 3826 cumulari
992 3772 1168 3841 merentur,
1198 3774 1236 3827 ut
1272 3774 1370 3828 aucta
1407 3784 1508 3827 causa

254 3877 382 3932 crescat
404 3865 615 3930 laudabiliter
630 3876 664 3930 et
678 3865 824 3930 effectus.
870 3867 957 3932 Cum
981 3868 1089 3950 igitur,
1104 3869 1190 3932 sicut
1211 3869 1410 3952 accepimus
1425 3887 1508 3932 non-

255 3972 337 4035 dum
353 3968 477 4033 babeas
493 3969 526 4031 in
543 3967 774 4032 ecclesiasticis
790 3968 959 4033 beneficiis
978 3970 1068 4034 unde
1090 3969 1246 4034 decenter
1268 3990 1307 4033 ac
1330 3969 1508 4034 commode

255 4073 367 4138 valeas
383 4072 570 4148 sustentari,
586 4093 647 4136 nos
670 4073 796 4136 meritis
819 4082 876 4138 tue
899 4074 1074 4157 probitatis
1097 4073 1233 4150 inducti,
1248 4093 1378 4138 necnon
1395 4095 1508 4139 vener-

256 4176 352 4242 abilis
376 4176 484 4240 fratris
500 4176 603 4239 nostri
629 4177 672 4250 P,
690 4176 849 4261 Episcopi
865 4177 1117 4254 wintoniensis,
1132 4178 1184 4240 cui
1201 4177 1412 4242 collaborasti
1429 4177 1508 4241 fide·

255 4281 330 4345 liter
353 4281 388 4343 in
412 4279 562 4362 partibus
589 4281 826 4359 transmarinis,
850 4282 1002 4365 precibus
1029 4281 1187 4357 inclinati,
1202 4292 1312 4345 tecum
1338 4292 1375 4344 ut
1400 4292 1509 4365 preter

256 4383 426 4460 beneficia,
446 4403 512 4465 que
539 4403 626 4446 nuuc
649 4385 790 4466 optines,
807 4386 941 4449 unicum
964 4386 1063 4463 aliud,
1078 4387 1180 4450 etiam
1203 4386 1231 4448 si
1254 4405 1367 4448 curam
1387 4384 1509 4449 habeat

256 4489 442 4554 animarum
467 4507 644 4564 annexam,
660 4487 799 4570 adipisci
816 4488 936 4566 valeas,
959 4488 1143 4553 dummodo
1166 4489 1226 4552 tibi
1249 4489 1408 4552 canonice
1431 4509 1509 4552 con·

257 4592 389 4666 feratur,
412 4610 479 4653 non
503 4590 658 4654 obstante
685 4592 924 4655 constitutione
952 4592 1091 4657 Concilii
1116 4592 1288 4674 generalis,
1311 4595 1509 4658 auctoritate

256 4695 442 4779 apostolica
457 4695 499 4759 de
516 4695 649 4776 speciali
666 4695 774 4777 gratia
790 4696 1043 4779 dispensamus:
1059 4699 1106 4760 ita
1121 4697 1211 4779 quod
1228 4697 1284 4760 ubi
1301 4717 1367 4760 non
1385 4698 1508 4761 resides

257 4799 483 4883 personaliter,
508 4797 609 4861 facias
635 4819 695 4880 per
721 4799 878 4863 vicarium
907 4801 1064 4864 idoneum
1091 4801 1256 4865 deserviri.
1314 4800 1405 4864 Nulli
1429 4822 1510 4884 ergo

257 4903 404 4979 omnin0,
425 4913 485 4965 etc.
533 4901 660 4965 Datum
690 4903 845 4967 Laterani
872 4904 893 4966 ii
916 4924 1022 4967 nouas
1048 4905 1139 4980 Maii,
1165 4903 1378 4986 pontificatus
1405 4907 1509 4970 nostri

257 5025 349 5071 anno
363 5005 489 5088 quintu.
