3609 5642
360 582 432 635 220
709 562 846 637 Rutuli
860 560 1039 661 Hugonz's
1064 562 1108 637 de
1135 562 1266 637 Welles

358 714 478 721 -—..—..
493 717 513 721 ..
529 716 788 723 ——-.--——.-
802 716 959 723 -—-...-
1193 716 1257 722 ——
1313 716 1342 719 --
1382 714 1488 721 -....-.-—
1522 714 1564 719 —
1593 714 1605 719 .-

357 802 431 866 ibus
454 802 574 866 alicubi
600 812 812 885 preterquam
834 802 878 865 ad
905 802 1032 866 dictum
1057 812 1195 885 pontem
1220 812 1276 865 eat
1301 801 1343 864 ad
1366 801 1533 883 predictas
1553 802 1615 865 ele·

358 908 505 969 mosinas
535 906 749 989 colligendas,
808 907 897 970 Date
929 928 988 989 per
1019 926 1154 970 manum
1189 904 1321 969 Radulfi
1355 905 1397 969 de
1429 904 1615 979 wateville,

356 1010 508 1073 canonici
536 1010 788 1086 Lincolniensis
808 1010 897 1092 apud
921 1010 1125 1094 Buggedene
1150 1009 1256 1091 pridie
1284 1008 1446 1072 kalendas
1472 1008 1614 1092 Augusti

356 1134 446 1178 anno
462 1113 677 1197 pontificatus
694 1115 798 1177 nostri
816 1115 895 1177 xvii,

356 1401 396 1470 [A
408 1405 563 1458 rehxaubn
574 1406 610 1473 os
616 1424 648 1457 ro
659 1405 729 1474 days
739 1406 907 1473 ofpetrance
923 1411 951 1459 to
970 1406 1046 1458 those
1064 1406 1130 1457 wlco
1145 1405 1214 1473 give
1229 1404 1304 1457 alms
1321 1410 1348 1457 lo
1360 1402 1482 1471 Lnffleld
1499 1404 1616 1471 Priom

413 1488 494 1555 June
505 1506 544 1548 ιι,
557 1491 644 1555 md]

443 1598 611 1685 Omnibus
635 1609 696 1663 etc.
744 1600 797 1663 De
825 1600 1051 1664 misericordia
1080 1600 1143 1662 Dei
1171 1600 1423 1681 omnipotentis
1450 1599 1559 1661 Patris
1582 1607 1615 1661 et

356 1703 431 1766 Filii
447 1714 481 1766 et
498 1703 643 1786 Spiritus
661 1703 786 1780 Sancti,
801 1703 1009 1767 confidentes
1025 1703 1181 1766 omnibus
1199 1714 1310 1766 nostre
1325 1702 1468 1766 diocesis
1483 1710 1518 1765 et
1534 1702 1615 1778 aliis,

354 1828 496 1889 quorum
517 1806 686 1871 diocesani
708 1806 741 1871 id
761 1818 870 1871 ratum
890 1807 1077 1883 habuerint,
1104 1807 1188 1871 sesto
1210 1808 1394 1870 nativitatis
1422 1806 1615 1869 beatissime

356 1910 462 1973 Marie
478 1910 614 1993 virginis
630 1909 672 1973 ad
690 1912 930 1975 monasterium
946 1911 989 1975 de
1007 1910 1140 1974 Lufseld
1156 1910 1272 1974 orandi
1289 1930 1389 1973 causa
1405 1908 1615 1973 venientibus

354 2024 389 2076 et
412 2013 454 2076 de
476 2013 574 2077 bonis
594 2036 616 2076 a
637 2014 712 2077 Deo
735 2013 797 2077 sibi
823 2014 954 2077 collatis
973 2013 1100 2096 aliquid
1121 2013 1165 2076 ibi
1186 2014 1240 2095 pie
1260 2012 1517 2089 conferentibus,
1538 2032 1615 2075 con·

355 2116 450 2180 sessis
480 2128 514 2181 et
545 2138 622 2181 vere
652 2118 889 2200 penitentibus,
919 2118 962 2181 de
993 2118 1144 2201 injuncta
1174 2117 1236 2180 sibi
1272 2118 1457 2200 penitentia
1489 2138 1512 2178 x
1544 2115 1615 2179 dies

303 2238 307 2246 ·
355 2220 555 2298 relaxamus,
577 2222 801 2285 concedentes
824 2232 861 2285 ut
890 2222 1032 2305 quilibet
1058 2222 1101 2285 de
1129 2222 1284 2284 fratribus
1307 2222 1428 2284 nostris
1448 2222 1616 2303 episcopis

353 2322 398 2386 ob
419 2323 546 2388 dictam
570 2345 705 2388 causam
729 2324 821 2389 dicto
846 2325 1049 2389 monasterio
1073 2345 1159 2400 suas
1179 2325 1205 2386 si
1229 2324 1405 2399 voluerint,
1426 2322 1615 2386 concedant

354 2426 590 2510 indulgentias
612 2428 694 2492 dum
718 2427 829 2492 causa¹
853 2430 885 2492 in
911 2429 1121 2492 relaxatione
1145 2448 1319 2492 numerum
1344 2449 1368 2490 x
1392 2428 1523 2492 dierum
1548 2447 1615 2490 non

353 2530 507 2595 excedat.
554 2532 774 2596 Prohibemus
794 2542 907 2597 autem
930 2553 972 2595 ne
992 2553 1069 2596 cum
1089 2531 1152 2595 hiis
1172 2532 1290 2596 litteris
1311 2532 1431 2595 nostris
1454 2542 1513 2594 aut
1539 2552 1614 2595 cum

355 2634 473 2699 litteris
496 2656 772 2718 quorumcunque
800 2637 936 2699 nuntius
959 2635 1010 2699 vel
1032 2636 1219 2718 predicator
1238 2645 1337 2699 extra
1355 2634 1521 2697 ambitum
1544 2656 1615 2718 pre-

353 2738 435 2802 dicti
452 2740 644 2802 monasterii
662 2740 909 2803 transmittatur
927 2740 969 2803 ad
992 2739 1159 2823 predictas
1179 2739 1379 2802 elemosinas
1399 2738 1616 2819 colligendas,

355 2846 445 2908 Date
461 2865 521 2927 per
537 2864 674 2907 manum
692 2854 841 2908 nostram
862 2844 954 2928 apud
971 2844 1197 2921 Chaucumbe,
1220 2844 1252 2907 iii
1275 2842 1349 2906 idus
1369 2844 1460 2925 Junii
1482 2844 1615 2926 pontili-

354 2959 449 3012 catus
465 2949 569 3011 nostri
586 2969 675 3011 anno
692 2950 771 3011 xvii.

352 3207 390 3271 [A
403 3206 557 3260 veleration
567 3208 730 3274 ospenance
740 3212 768 3259 to
778 3207 853 3260 tlrose
865 3206 930 3259 who
937 3208 1008 3275 give
1018 3206 1092 3258 alnes
1103 3213 1130 3259 to
1141 3206 1168 3257 A
1165 3205 1245 3273 ynho
1256 3205 1371 3273 bridge,·
1388 3204 1461 3257 Abu.
1473 3223 1512 3259 ro.
1528 3208 1616 3273 rud]
1685 3274 1690 3283 ¹

441 3317 638 3383 “Omnibus
653 3328 714 3381 etc.
762 3318 932 3401 Quoniam
954 3320 1041 3381 inter
1059 3338 1161 3400 opera
1181 3317 1330 3380 caritatis
1350 3316 1438 3391 etc.,'’
1460 3326 1615 3400 utsupra

352 3434 404 3485 est
427 3420 470 3484 de
497 3432 601 3503 ponte
630 3420 673 3484 de
699 3421 889 3503 Trapstone
914 3441 1004 3485 anno
1031 3422 1159 3504 quinto,
1185 3421 1321 3483 nomine
1348 3419 1509 3483 “Ambo‘'
1542 3422 1615 3485 loco

352 3533 368 3558 “
382 3525 597 3607 Trapstone’'
620 3524 673 3588 hic
696 3527 867 3608 apposit03
890 3528 1049 3608 apposito
1072 3526 1174 3588 etiam
1200 3526 1232 3587 in
1260 3523 1326 3587 fine
1353 3523 1422 3587 “ad
1447 3525 1614 3607 predictas

352 3629 552 3692 elemosinas
577 3628 654 3692 alibi
681 3650 781 3711 quam
811 3629 854 3692 ad
883 3618 1069 3712 predictum
1099 3640 1236 3710 pontem
1264 3628 1477 3710 colligendas.
1527 3630 1615 3693 Date

354 3754 412 3815 per
437 3752 574 3795 manum
602 3732 735 3795 Radulfi
768 3733 810 3797 de
841 3733 1022 3796 Waraville
1052 3733 1143 3815 apud
1175 3732 1363 3795 Bannebire
1389 3742 1509 3814 quarto
1541 3734 1615 3797 idus

355 3835 555 3899 Novembris
572 3834 788 3917 pontificatus
805 3836 907 3900 nostri
925 3857 1016 3899 anno
1032 3836 1164 3899 decimo
1180 3836 1351 3917 septim0.”

441 4113 509 4196 [On
526 4114 742 4196 tneface:-]
849 4202 990 4265 Annus
1014 4216 1107 4264 xv111

354 4326 428 4393 [The
455 4326 611 4377 institution
640 4326 676 4393 of
699 4326 798 4378 §innon
825 4326 860 4378 de
885 4326 1065 4379 Messendene
1093 4332 1120 4378 to
1147 4327 1193 4378 the
1220 4326 1322 4379 cltnrclt
1350 4327 1385 4395 os
1413 4327 1616 4397 lnsboronglr:

418 4406 483 4459 Feb.
495 4424 534 4471 25,
549 4424 632 4471 ¹2²7ae'
646 4424 688 4460 see
695 4412 726 4475 p.
740 4408 806 4476 127.]

443 4518 885 4584 DEREBURG'.-Omnibus
910 4529 971 4582 etc.
1029 4520 1168 4582 Noverit
1197 4520 1393 4583 universitas
1419 4532 1529 4585 vestra
1554 4544 1614 4585 nos

354 4621 396 4684 ad
414 4622 696 4703 presentationem
713 4621 871 4686 Willelmi
890 4622 1054 4698 Bordone,
1071 4624 1201 4706 patroni
1218 4623 1356 4687 ecclesie
1371 4623 1414 4687 de
1432 4624 1615 4711 Dereburg’

355 4724 482 4787 ratione
499 4724 643 4807 Agnetis
664 4728 779 4789 uxoris
802 4748 869 4804 sue,
884 4726 1043 4790 dilectum
1069 4728 1101 4789 in
1126 4726 1259 4791 Christo
1283 4725 1386 4789 filium
1413 4727 1614 4812 Magistrum

355 4828 388 4891 S.
404 4826 447 4891 de
464 4828 640 4907 Messend',
656 4830 708 4893 cui
726 4831 832 4913 ipsam
852 4831 1025 4893 ecclesiam
1049 4832 1138 4913 prius
1158 4832 1356 4894 auctoritate
1375 4832 1515 4923 Concilii
1537 4854 1614 4897 con-

854 5035 862 5059 ¹
877 5028 1038 5089 “Causam'’,
1053 5028 1112 5081 MS.
