3609 5642
593 570 773 671 Episcopi
794 568 1078 648 Lz'ncolm'e'nszs.
1100 568 1116 631 ’-
1228 536 1230 539 ¹
1397 572 1467 664 287
1552 600 1555 609 ’

206 804 323 873 [Simon.
334 806 475 876 cbdplai'rt
477 808 676 877 ρνιτιηίειίὐγ
692 806 828 863 Ns'c'teolds
842 806 876 861 de
889 807 1040 870 Verdun,u
1027 824 1052 861 ts
1068 812 1095 860 to
1112 807 1184 861 have
1200 807 1246 860 tlte
1261 806 1364 874 cinge
1379 806 1415 875 os
1426 806 1472 863 tlte

269 886 421 957 charchas
429 888 617 943 Lutterwmlt
619 889 787 959 ,pending·
773 890 908 957 tnqueit'es
918 888 1074 959 regarding
1082 889 1241 958 leisfitness.
1275 888 1303 941 Α
1309 890 1429 957 penseim
1440 888 1476 956 of

227 987 288 1035 3
298 970 420 1024 marks
405 987 431 1023 ts
438 971 565 1039 granted
572 976 599 1025 to
611 972 656 1025 the
667 971 802 1039 Hospttdl
808 977 841 1024 at
849 971 1044 1025 Lutterworth.
1048 974 1059 1038 ]

294 1075 735 1159 LUTERWRDE.-Simoni,
750 1082 935 1166 capellano,
951 1092 1145 1166 presentato
1164 1082 1207 1145 ad
1230 1082 1406 1147 ecclesiam
1428 1081 1470 1145 de

208 1182 401 1247 Luterwrde
432 1205 492 1267 per
520 1183 695 1248 dominum
727 1184 1003 1257 Nicholaumelde
1029 1184 1179 1261 Verdun,
1210 1186 1389 1248 commissa
1419 1196 1471 1248 est

206 1287 359 1351 custodia
388 1287 547 1370 ejusdem.
595 1289 642 1353 Et
671 1289 869 1353 mandatum
899 1298 951 1353 est
983 1284 1231 1353 Arch'idiacono
1267 1289 1470 1361 Leircestrie‚

206 1400 276 1466 ete,
298 1399 334 1455 et
358 1400 394 1455 ut
418 1392 550 1456 interim
574 1390 719 1474 inquirat
741 1391 784 1455 de
806 1392 932 1469 ordine,
951 1391 1029 1469 vita,
1045 1392 1202 1470 moribus,
1218 1392 1470 1455 conversatione

206 1492 286 1575 ejus,
300 1504 363 1557 etc.
410 1494 455 1558 Et
471 1497 636 1559 concessit
650 1497 809 1560 dominus
827 1497 1016 1579 Episcopus
1030 1496 1200 1579 Hospitali
1210 1497 1259 1559 vde
1277 1494 1470 1561 Luterwrde

206 1610 271 1662 tres
302 1618 431 1662 marcas
462 1601 599 1665 nomine
628 1602 779 1715 perpetui
811 1599 963 1665 beneficii
986 1601 1030 1664 de
1059 1599 1177 1664 eadem
1201 1600 1341 1663 ecclesia
1365 1600 1469 1683 perci-

206 1700 345 1782 piendas
369 1722 429 1784 per
450 1723 588 1766 manum
612 1702 757 1786 ejusqui
781 1724 841 1786 pro
863 1714 1016 1788 tempore
1039 1703 1142 1786 ipsius
1165 1685 1303 1767 ecclesie
1326 1722 1469 1814 persona

208 1802 366 1867 suerit.

206 2060 343 2125 [Thomas
353 2060 387 2114 de
402 2062 518 2127 Verdun,
531 2063 609 2127 clerte,
622 2064 647 2115 is
657 2063 801 2117 entrusted
808 2063 878 2116 with
890 2063 936 2117 tlte
946 2063 1048 2131 charge
1058 2063 1094 2131 os
1099 2063 1145 2116 tlte
1156 2062 1259 2118 church
1269 2061 1446 2130 oflbstoct.]1
1456 2064 1459 2071 '

253 2165 256 2171 ’
293 2173 691 2238 lBBESTOKE.—Thome
720 2174 764 2237 de
794 2174 944 2251 Verdun,
974 2174 1103 2252 clerico,
1125 2174 1227 2258 prius
1266 2172 1469 2237 renuntianti

203 2275 265 2355 juri
285 2274 377 2357 quod
398 2276 516 2340 habuit
535 2278 569 2339 in
583 2278 729 2341 ecclesia
749 2276 965 2355 Bosworthie‚
980 2277 1023 2341 ad
1043 2297 1144 2359 quam
1165 2277 1228 2340 suit
1248 2270 1468 2359 presentatus,

205 2380 385 2443 commissa
400 2390 452 2444 est
467 2380 620 2445 custodia
635 2381 775 2445 ecclesie
790 2381 833 2445 de
852 2382 1033 2446 lbbestoke
1048 2381 1103 2445 die
1118 2372 1288 2445 dominica
1310 2380 1467 2464 proxima

204 2494 281 2546 ante
309 2482 432 2547 festum
456 2484 572 2549 Sancti
597 2485 773 2549 Michaelis
794 2506 886 2549 anno
909 2483 1124 2568 pontificatus
1147 2484 1275 2548 domini
1307 2484 1468 2568 Episcopi

204 2606 292 2651 anno
307 2586 383 2670 (sic)
398 2588 638 2652 tertiodecimo.

204 2843 327 2909 [Walter
334 2843 369 2898 de
383 2844 515 2905 Clintone,
521 2845 672 2913 presented
680 2845 714 2913 by
725 2844 858 2899 Nt'cltolas
868 2845 902 2899 de
918 2845 1034 2912 Verdun,
1047 2844 1227 2902 esentrusted
1235 2844 1304 2897 with
1314 2844 1359 2898 the
1367 2844 1469 2915 charge

266 2927 304 2994 of
323 2926 369 2979 the
386 2926 487 2980 cturct
509 2928 545 2995 os
570 2926 683 2995 Goadby
700 2926 858 2980 Maewood.
892 2926 939 2981 He
956 2930 981 2981 ts
999 2933 1026 2982 to
1043 2927 1125 2996 study
1136 2927 1192 2995 sor
1206 2942 1223 2992 7
1237 2942 1322 2995 years
1338 2926 1435 2981 under
1450 2943 1468 2980 a

267 2997 627 3077 masterapprovedbytie
637 3008 764 3077 Biston]

290 3121 728 3185 GODESBETH.—Waltero
749 3120 793 3184 de
816 3121 981 3200 Clintone,
1004 3121 1132 3198 clerico,
1155 3116 1197 3185 ad
1220 3120 1394 3185 ecclesiam
1425 3120 1473 3204 de,

204 3223 400 3289 Godesbeth
432 3244 491 3307 per
521 3223 723 3288 Nicholaum
747 3223 790 3287 de
813 3224 953 3289 Verdun
984 3236 1185 3308 presentato
1207 3224 1387 3287 commissa
1416 3233 1468 3288 est

202 3327 354 3392 custodia
384 3327 536 3409 ejusdem
568 3328 717 3405 ecclesie,
742 3330 789 3391 ita
811 3332 901 3410 quod
926 3329 1036 3393 dictus
1059 3330 1227 3393 Walterus
1255 3348 1314 3410 per
1335 3338 1467 3412 septen-

203 3432 295 3496 nium
327 3434 485 3515 proximo
509 3452 652 3515 sequens
682 3434 805 3497 habeat
830 3434 1026 3516 magistrum
1058 3434 1217 3496 continue
1241 3432 1275 3494 in
1299 3430 1398 3495 scolis
1424 3430 1468 3496 de

202 3557 268 3619 quo
295 3535 458 3614 addiscat,
482 3546 516 3600 et
540 3537 597 3619 qui
622 3556 740 3601 omnes
766 3536 894 3600 fructus
920 3537 1058 3601 ecclesie
1082 3536 1209 3621 prefate
1240 3536 1409 3619 percipiat,
1433 3546 1468 3599 et

201 3641 262 3723 ipsi
295 3639 447 3704 Waltero
468 3640 512 3704 de
542 3640 670 3724 prefata
691 3640 831 3704 ecclesia
853 3641 1038 3703 necessaria
1061 3640 1209 3703 inveniat
1231 3639 1265 3702 in
1288 3639 1386 3702 scolis
1409 3660 1469 3721 per

202 3743 329 3807 dictum
347 3746 569 3824 septennium.
616 3744 662 3807 Et
677 3744 883 3827 presentabit
899 3744 1056 3808 dominus
1072 3743 1256 3807 Nicholaus
1271 3742 1314 3806 de
1326 3742 1467 3808 Verdun

202 3849 311 3931 ipsum
334 3849 531 3931 magistrum
548 3849 688 3912 domino
704 3850 875 3932 Episcopo
895 3850 928 3912 in
949 3849 1105 3932 proximo
1123 3847 1270 3911 adventu
1292 3868 1353 3910 suo
1375 3843 1465 3929 apud

204 3952 437 4016 leircestriam
469 3962 548 4036 post
579 3952 700 4015 festum
732 3952 847 4017 Sancti
887 3951 1050 4016 Nicholai.
1106 3951 1152 4014 Et
1189 3949 1376 4030 injunctum
1414 3959 1466 4013 est

203 4054 348 4120 officiali
366 4056 570 4121 Leircestrie.

265 4399 308 4487 [M
402 4305 521 4480 JJ'
567 4333 708 4398 Annus
731 4332 1093 4417 Qunnrusoumnus.

310 4433 365 4469 em.
377 4430 400 4485 3

200 4522 210 4583 [
213 4518 293 4585 John
309 4516 345 4570 de
361 4516 483 4579 erodet,
496 4516 575 4579 clerte,
588 4517 740 4585 presented
752 4516 786 4585 by
796 4516 842 4569 the
852 4515 1010 4569 Pnerand
1021 4516 1147 4568 Convenit
1161 4516 1196 4583 of
1202 4515 1316 4575 huten,
1328 4502 1425 4575 Notts„
1438 4514 1463 4565 is

263 4598 412 4653 instituted
424 4603 451 4651 to
464 4599 510 4652 the
522 4599 623 4652 cturct
638 4601 674 4667 os
685 4599 794 4652 Nether
802 4596 975 4666 B'rougltton
1009 4596 1037 4649 Α
1047 4600 1165 4665 pensiori
1181 4599 1217 4666 of
1225 4614 1260 4663 30
1277 4596 1418 4663 stillengs,
1430 4595 1463 4662 by

239 4682 398 4751 grantes
408 4682 454 4735 tte
464 4681 568 4749 bssdop.
580 4680 994 4747 irreservedtotheConvent]
1181 4699 1187 4709 ·

289 4796 505 4859 BROCTONE.
507 4792 720 4875 Johannes
751 4793 793 4856 de
812 4792 962 4869 Bradel’,
987 4791 1139 4866 clericus,
1163 4798 1372 4876 presentatus
1403 4808 1462 4871 per

203 4900 349 4962 Priorem
365 4907 399 4961 et
414 4907 616 4962 conventum
632 4897 675 4961 de
692 4896 844 4960 Lentone
867 4895 910 4959 ad
927 4895 1100 4959 ecclesiam
1117 4894 1159 4959 de
1182 4894 1356 4969 Broctone‚
1372 4891 1461 4955 sacta

202 5004 291 5085 prius
307 5001 521 5083 inquisitione
544 5020 603 5084 per
619 4998 901 5063 Archidiaconum
923 4998 1126 5075 Leircestrie,
1140 5006 1212 5071 ete,
1228 4996 1394 5061 admissus
1408 5003 1460 5058 est
