3609 5642
318 574 376 647 92¹
662 553 797 629 Rotulz'
820 552 997 649 Hugom's
1022 553 1065 627 de
1092 552 1223 627 Welles

319 797 412 861 Beati
440 798 529 861 Petri
552 797 595 860 de
620 795 823 872 Messinden,
840 795 928 858 sacta
951 795 1041 878 prius
1065 794 1278 877 inquisitione
1307 814 1364 877 per
1389 794 1574 869 Matheum,

317 901 600 966 Archidiaconum
641 899 980 982 Bokinghamiensem
1020 920 1077 982 per
1107 919 1218 980 quam,
1248 909 1320 975 eto,
1350 898 1393 962 ad
1431 899 1573 962 eandem

316 1005 471 1067 vicariam
484 1004 650 1068 admissus
665 1015 717 1066 est
729 1024 805 1067 cum
822 1025 922 1067 onere
938 1016 972 1068 et
988 1023 1076 1087 pena
1088 1003 1295 1080 vicariorum,
1310 1014 1371 1067 etc.
1419 1003 1465 1066 Et
1482 1023 1574 1066 man-

314 1109 431 1173 datum
448 1119 500 1172 est
521 1108 630 1172 eidem
650 1107 896 1172 Archidiacono
914 1118 959 1184 ut,
974 1119 1035 1173 etc.

315 1385 407 1452 [Jolm
427 1384 461 1437 de
480 1384 607 1444 Escures,
625 1383 733 1444 deacota
751 1400 787 1437 on
805 1384 850 1437 the
865 1385 1053 1451 presentatton
1070 1386 1105 1454 os
1125 1385 1251 1438 Wlliam
1268 1384 1301 1437 de
1320 1384 1438 1443 Clintom
1455 1385 1480 1436 is
1496 1385 1574 1436 ouri-

379 1466 457 1520 tuted
473 1473 500 1520 to
516 1467 562 1520 tlte
580 1467 681 1519 church
698 1468 734 1535 of
746 1467 836 1519 Aston
857 1466 975 1519 Clinton.
1014 1466 1071 1520 Tlte
1088 1469 1219 1536 vicarage
1238 1467 1274 1536 of
1290 1467 1397 1520 Walter
1411 1466 1444 1519 de
1460 1466 1572 1525 Estone.

379 1549 517 1616 ckaplain,
530 1550 555 1602 is
562 1549 708 1617 reservem]

320 1713 322 1716 ’
381 1686 756 1767 Ἐ3ΤοΝ.-]οὴαηηεε
787 1686 829 1749 de
870 1687 1020 1763 Escures,
1058 1687 1228 1763 diaconus
1266 1696 1477 1769 presentatus
1515 1706 1574 1767 per

313 1791 529 1867 Willelmum,
547 1789 695 1867 militem,
710 1788 753 1853 de
770 1788 906 1853 Clinton
923 1790 965 1853 ad
986 1791 1160 1854 ecclesiam
1177 1790 1220 1854 de
1237 1790 1355 1866 Eston‚
1371 1789 1460 1853 sacta
1482 1791 1572 1872 prius

314 1895 528 1977 inquisitione
554 1914 613 1976 per
636 1892 821 1968 Matheum,
839 1892 1124 1957 Archidiaconum
1149 1893 1491 1976 Bokinghamiensem
1515 1913 1574 1975 per

312 2008 503 2082 quam,etc.‚
516 1997 559 2060 ad
575 1996 717 2060 eandem
734 1997 909 2059 ecclesiam
926 1997 1092 2060 admissus
1104 2007 1164 2074 est,
1174 2008 1245 2074 etc„
1255 2008 1289 2061 et
1306 1998 1505 2062 mandatum
1522 2009 1573 2060 est

311 2102 420 2166 eidem
439 2099 686 2166 Archidiacono
702 2110 747 2175 ut,
760 2113 820 2163 etc.
869 2101 1047 2164 Institutus
1059 2111 1110 2164 est
1126 2112 1238 2165 autem
1256 2101 1348 2164 salva
1364 2102 1515 2165 Waltero
1530 2101 1573 2163 de

313 2207 449 2282 Estone,
465 2204 648 2287 capellano,
664 2205 786 2267 vicaria
802 2224 862 2266 sua
877 2204 1001 2268 ibidem
1019 2204 1178 2287 quamdiu
1196 2206 1324 2269 vixerit.

312 2479 455 2549 [Willr'am
476 2479 511 2532 de
533 2478 676 2542 Lr'llesmn,
698 2494 734 2530 on
756 2479 801 2532 the
818 2481 1007 2546 presentatim
1031 2481 1066 2548 of
1088 2478 1214 2532 Wlliam
1236 2479 1379 2543 Mauduit,
1403 2480 1449 2533 tlte
1471 2479 1574 2547 Kiug’s

379 2561 579 2622 Chamberlar'n,
593 2562 618 2613 is
628 2561 776 2614 instituted
781 2566 809 2612 to
819 2562 864 2614 the
875 2561 978 2614 churclr
988 2562 1024 2629 of
1030 2561 1209 2630 Hawrziige]

403 2695 853 2762 HAURIGGE.-Willelmus
876 2698 919 2761 de
936 2698 1120 2762 LiUestune
1135 2696 1271 2781 [blank],
1288 2708 1498 2781 presentatus
1514 2719 1573 2782 per

313 2801 519 2865 Willelmum
547 2801 712 2876 Mauduit,
732 2799 859 2864 domini
885 2801 988 2882 Regis
1013 2801 1250 2878 Camerarium,
1270 2801 1311 2864 ad
1332 2801 1507 2865 ecclesiam
1530 2802 1573 2865 de

315 2906 497 2988 Haurigge,
522 2905 610 2968 sacta
632 2905 723 2987 prius
754 2904 967 2986 inquisitione
994 2926 1054 2986 per
1078 2906 1263 2982 Matheum,
1287 2905 1570 2969 Archidiaconum

313 3009 683 3092 Buckinghamiensem,
697 3029 755 3090 per
770 3029 881 3089 quam,
893 3019 964 3085 ete,
974 3008 1017 3071 ad
1029 3009 1171 3072 eandem
1186 3009 1352 3072 admissus
1367 3019 1419 3072 est
1434 3019 1468 3072 et
1484 3010 1517 3072 in
1533 3031 1573 3072 ea

310 3113 471 3177 canonice
488 3132 631 3196 persona
647 3112 829 3188 institutus,
845 3122 879 3175 et
904 3111 1099 3176 mandatum
1124 3123 1175 3176 est
1197 3111 1306 3176 eidem
1325 3112 1571 3177 Archidiacono

311 3227 357 3295 ut,
372 3227 433 3281 etc.

311 3476 406 3545 [Elios
416 3475 451 3528 cle
461 3474 540 3528 Bello
551 3477 653 3541 campo,
666 3473 777 3532 dcircon,
788 3489 824 3525 on
836 3474 881 3526 tlte
886 3476 1076 3540 presentation
1087 3474 1123 3542 of
1129 3473 1254 3530 [sabella.
1270 3474 1294 3527 C
1291 3480 1401 3528 ountess
1410 3476 1447 3543 of
1456 3474 1569 3543 Oxford,

374 3559 399 3612 is
409 3557 557 3611 instituted
565 3560 592 3609 to
603 3556 649 3608 tlte
659 3555 760 3608 clrurclr
772 3555 808 3623 os
817 3555 984 3624 Calvertonq

398 3692 826 3774 KALVERTON.-Helyas
848 3691 890 3755 de
912 3692 1005 3755 Bello
1025 3713 1155 3775 campo,
1170 3693 1339 3770 diaconus,
1360 3705 1571 3775 presentatus

312 3820 370 3882 per
385 3796 531 3860 nobilem
550 3797 721 3860 mulierem
742 3795 930 3873 isabellam,
946 3797 1159 3860 Comitissam
1177 3795 1322 3872 Oxonie,
1334 3796 1377 3860 ad
1394 3798 1569 3862 ecclesiam

311 3903 354 3966 de
368 3901 582 3976 Kalvertone,
595 3899 682 3963 sacta
696 3900 785 3982 prius
798 3901 1011 3981 inquisitione
1022 3921 1080 3982 per
1092 3900 1276 3976 Matheum,
1288 3899 1570 3965 Archidiaconum

313 4005 674 4089 Buckinghamiensem
691 4024 750 4085 per
765 4024 876 4085 quam,
891 4013 962 4080 etc„
977 4003 1020 4066 ad
1040 4001 1182 4066 eandem
1206 4003 1382 4066 ecclesiam
1405 4004 1571 4068 admissus

310 4121 370 4187 est,
386 4120 456 4186 etc.³
472 4118 506 4172 et
523 4107 722 4171 mandatum
738 4117 790 4171 est
805 4106 915 4171 eidem
932 4105 1181 4171 Archidiacono
1197 4117 1242 4182 ut,
1257 4116 1318 4170 etc.

309 4385 435 4455 [Walter.
448 4401 498 4440 son
510 4385 546 4453 of
556 4385 583 4436 T
578 4385 636 4437 m'c
644 4383 677 4436 de
692 4383 793 4446 Calon,
806 4383 903 4436 citizen
914 4384 950 4450 os
962 4382 1085 4446 London,
1098 4383 1124 4434 is
1134 4383 1251 4435 collated
1264 4382 1297 4451 by
1308 4383 1354 4436 the
1365 4383 1473 4451 Bishop
1489 4390 1516 4437 to
1526 4385 1571 4438 the

373 4468 475 4522 churclt
488 4468 524 4535 os
529 4465 669 4535 FtirgestJ

397 4602 845 4669 T1NG11ERST.-Walterus
870 4599 955 4663 filius
979 4600 1087 4664 Terici
1104 4600 1147 4664 de
1170 4601 1295 4677 Colon’,
1311 4601 1392 4664 civis
1413 4602 1570 4666 London-

309 4711 409 4776 iensis
424 4709 560 4792 [blank],
575 4708 628 4771 cui
644 4706 800 4770 dominus
821 4706 1006 4787 Episcopus
1021 4705 1195 4768 ecclesiam
1211 4704 1254 4768 de
1277 4705 1478 4788 Tingeherst
1493 4727 1571 4769 con-

310 4816 395 4892 tulit,
410 4815 453 4878 ad
469 4812 611 4878 eandem
628 4812 803 4875 ecclesiam
820 4810 986 4873 admissus
1002 4819 1062 4885 est,
1077 4819 1111 4872 et
1136 4809 1168 4871 in
1186 4830 1226 4872 ea
1246 4811 1406 4874 canonice
1429 4831 1571 4893 persona

310 4920 489 4984 institutus.
537 4917 582 4980 Et
606 4914 803 4979 mandatum
824 4923 875 4977 est
892 4913 1032 4977 Matheo
1049 4911 1297 4976 Archidiacono
1321 4913 1570 4997 Buckingham-

312 5024 394 5088 iensi
410 5032 457 5100 ut,
472 5032 533 5086 etc.
