3609 5642
580 568 759 663 Episcopi
781 566 1064 641 Lincolniensz's.
1387 568 1452 658 185

200 807 266 883 bus,
279 817 341 870 etc.
389 807 490 891 Quod
513 817 549 870 ut
569 807 655 890 [etc.,
670 807 822 889 sealing],
838 807 901 870 hiis
924 806 1075 883 testibuS,
1098 857 1104 868 .
1128 856 1135 867 .
1161 856 1167 867 .
1192 805 1315 869 abbate
1339 806 1455 873 Sancti

202 911 308 974 lacobi
340 922 439 976 extra
465 913 697 976 Norhamtone
721 922 754 975 et
784 911 931 974 Radulso
962 912 1070 993 priore
1102 910 1218 975 Sancti
1250 910 1384 975 Andree
1413 912 1456 975 de

199 1014 438 1091 Norhamtone,
477 1016 625 1080 Roberto
664 1015 908 1078 Norhamtonie
946 1025 980 1078 et
1012 1014 1161 1078 Roberto
1195 1014 1453 1098 Huntingdonie

198 1119 446 1196 archidiaconis,
485 1121 632 1183 Martino
669 1120 712 1183 de
752 1119 967 1195 Patteshulle,
1004 1120 1167 1202 Magistro
1205 1119 1380 1201 Stephano
1411 1120 1455 1184 de

199 1222 367 1300 Cicestria,
407 1223 605 1307 can[onicis]
640 1224 968 1308 Lincoln[iensibus],
1001 1224 1171 1307 Magistris
1206 1224 1389 1287 Amaurico
1423 1233 1456 1286 et

199 1326 341 1390 Ricardo
380 1328 423 1392 de
460 1328 673 1412 Tinghurste,
712 1329 883 1393 Willelmo
922 1328 964 1392 de
1000 1328 1168 1409 Raelegh’,
1203 1326 1375 1391 Willelmo
1413 1326 1456 1389 de

198 1430 461 1496 Winchecumba
481 1442 514 1496 et
531 1432 667 1497 Olivero
683 1433 726 1497 de
742 1433 928 1509 Chedneto,
944 1433 1078 1495 clericis.
1126 1433 1215 1495 Data
1237 1452 1296 1514 per
1317 1449 1454 1493 manum

198 1533 324 1599 Thome
344 1536 388 1599 de
409 1535 594 1600 Fiskerton’
614 1536 787 1619 capellani,
806 1536 957 1599 canonici
982 1535 1082 1611 Linc',
1107 1534 1198 1617 apud
1220 1533 1453 1597 Norhamtone

197 1638 230 1701 ix
245 1638 410 1704 kalendas
426 1641 525 1722 Junii,
542 1640 759 1724 pontificatus
775 1640 879 1705 nostri
895 1660 985 1703 anno
1001 1640 1046 1702 xi.

198 1932 265 1997 [The
286 1931 447 1984 insltirmon
468 1930 504 1997 os
520 1929 690 1982 Amantio
712 1928 746 1981 de
769 1926 941 1995 Buggedene
964 1932 991 1978 to
1014 1926 1060 1979 the
1083 1924 1184 1979 churclr
1210 1926 1246 1989 of
1266 1924 1454 1993 Bugbroolee,·

257 2012 333 2065 Mar.
352 2030 491 2076 11,1220,·
511 2028 554 2064 see
566 2015 596 2078 p.
614 2013 669 2077 po]

280 2122 721 2197 Rouession-Omnibus,
744 2133 804 2185 ete.
863 2121 1002 2183 Noverit
1026 2120 1223 2182 universitas
1251 2128 1361 2182 vestra
1389 2138 1449 2180 nos

199 2229 395 2291 auctoritate
415 2227 554 2291 Concilii
576 2226 700 2290 dilecto
721 2228 753 2288 in
771 2226 905 2290 Christo
926 2224 1002 2299 filio,
1024 2225 1187 2306 Magistro
1208 2223 1391 2286 Amaurico
1410 2220 1453 2284 de

199 2330 438 2414 Bugg[edene],
461 2331 588 2407 clerico,
607 2330 780 2393 ecclesiam
805 2330 847 2392 de
872 2329 1047 2392 Bukebroc
1067 2327 1255 2402 contulisse,
1276 2328 1452 2408 ipsumque

199 2434 228 2497 in
243 2456 282 2497 ea
296 2436 460 2498 canonice
481 2454 657 2516 personam
679 2434 870 2508 instituisse,
890 2433 983 2495 salvo
1003 2432 1035 2494 in
1057 2442 1227 2513 posterum
1247 2428 1320 2510 jure
1340 2429 1452 2492 unius-

198 2540 361 2622 cujusque,
382 2541 439 2623 qui
458 2540 512 2622 jus
532 2550 729 2622 patronatus
748 2540 884 2603 evicerit
909 2540 940 2601 in
962 2538 1089 2613 eadem,
1114 2546 1147 2599 et
1167 2535 1267 2599 salvis
1287 2536 1320 2597 in
1346 2536 1452 2598 omni-

198 2642 254 2705 bus
282 2643 530 2725 episcopalibus
558 2643 864 2719 consuetudinibus,
887 2653 947 2705 etc.
1003 2640 1104 2723 Quod
1129 2649 1164 2702 ut
1191 2638 1276 2721 [etc.,
1301 2638 1452 2721 sealing],

198 2745 255 2808 hiis
276 2757 360 2823 test,
385 2747 524 2810 domino
547 2747 714 2829 Joscelino
743 2745 960 2809 Bathoniensi
983 2745 1161 2827 Episcopo,
1186 2742 1355 2805 Willelmo
1380 2763 1451 2825 pre-

199 2861 326 2914 centore
346 2850 520 2927 Wellensi,
541 2851 712 2933 Magistris
733 2850 907 2932 Stephano
927 2850 969 2912 de
986 2849 1144 2912 Cicestria
1164 2857 1197 2910 et
1218 2846 1388 2909 Willelmo
1410 2846 1453 2908 de

200 2953 380 3031 Lincolnia,
401 2956 571 3017 canonicis
596 2953 895 3027 Lincolniensibus,
921 2952 1054 3035 Rogero
1080 2949 1262 3033 capellano,
1287 2949 1451 3032 Magistro

201 3057 271 3120 ada
292 3058 336 3122 de
356 3057 538 3123 Cleneleld’
555 3068 588 3121 et
612 3057 764 3121 Gilberto
787 3056 829 3120 de
854 3056 1014 3139 Dulting’,
1030 3054 1198 3118 canonicis
1219 3053 1451 3129 Wellensibus‚

200 3160 357 3245 Magistro
389 3162 560 3225 Willelmo
590 3160 633 3225 de
664 3162 793 3237 Cantia,
832 3160 1003 3223 Willelmo
1039 3158 1082 3222 de
1113 3157 1378 3221 Winchecumba
1415 3166 1449 3220 et

199 3265 328 3331 Olivero
343 3266 388 3329 de
404 3264 581 3330 Chedneto
596 3265 730 3328 clericis
777 3265 868 3327 Data
885 3285 943 3346 per
960 3284 1096 3327 manum
1113 3263 1245 3326 Thorne
1261 3262 1303 3325 de
1320 3262 1347 3324 F
1350 3260 1450 3324 isker-

198 3370 258 3432 ton’
284 3369 486 3453 cappellani,
510 3369 662 3432 canonici
692 3368 945 3444 LincolniensiS,
972 3367 1062 3449 apud
1091 3365 1305 3430 Bicleswaud'
1332 3366 1450 3447 quinto

198 3472 265 3537 idus
281 3474 407 3551 Martii,
425 3472 640 3557 pontificatus
657 3473 760 3536 nostri
776 3491 866 3535 anno
883 3472 927 3535 xi.

195 3754 260 3817 [The
270 3756 432 3807 institution
443 3754 480 3821 os
485 3752 576 3821 Hugh
589 3753 624 3805 de
639 3751 751 3804 Camiri)
762 3757 789 3803 to
800 3750 845 3804 tiu
856 3750 957 3803 churclr
969 3750 1004 3816 os
1011 3748 1127 3816 Kilsby]

276 3864 716 3938 KYLDESBv.-Omnibu5,
738 3872 799 3924 etc.
857 3861 997 3923 Noverit
1024 3860 1222 3922 universitas
1249 3867 1358 3919 vestra
1387 3877 1448 3919 nos

196 3966 310 4033 dilecto
337 3970 374 4031 in
397 3968 531 4032 Christo
556 3966 633 4039 filio,
659 3966 796 4049 Hugoni
820 3965 863 4028 de
884 3964 1034 4039 Cambi0‚
1057 3962 1184 4039 clerico,
1208 3961 1381 4023 ecclesiam
1406 3960 1449 4023 de

198 4070 369 4155 Kyldesby
381 4072 424 4135 ad
440 4072 657 4134 donationem
675 4079 823 4132 nostram
841 4069 1063 4150 pertinentem
1080 4066 1259 4128 contulisse
1272 4064 1447 4145 ipsumque

198 4174 226 4237 in
241 4198 278 4239 ea
293 4177 457 4239 canonice
472 4195 650 4257 personam
675 4174 865 4248 instituisse,
881 4171 981 4234 salvis
1006 4172 1038 4232 in
1055 4169 1220 4245 omnibus,
1236 4176 1296 4231 etc.
1343 4166 1444 4249 Quod

199 4289 231 4340 ut
250 4280 335 4362 [etc.,
358 4280 512 4361 sealing],
534 4278 598 4341 hiis
625 4278 776 4353 testibus,
804 4286 839 4339 ut
867 4277 900 4338 in
926 4283 1017 4337 carta
1040 4272 1200 4337 Willelmi
1227 4271 1270 4334 de
1294 4271 1447 4333 Eboraco

197 4403 287 4466 super
316 4384 459 4449 ecclesia
489 4383 532 4447 de
565 4383 728 4466 Ripstone
767 4383 798 4443 in
830 4378 1101 4443 archidiaconatu
1143 4376 1376 4458 Huntigdonie
1412 4384 1446 4437 et

195 4484 303 4549 eadem
320 4486 410 4549 data

195 4703 258 4766 [The
269 4707 426 4759 institution
437 4706 472 4771 os
478 4702 623 4772 Reginald
630 4702 664 4755 de
680 4702 784 4755 Undele
795 4707 821 4754 to
838 4701 882 4754 llic
898 4699 1000 4753 cirurclr
1011 4700 1047 4765 of
1059 4697 1192 4751 Everdon
1203 4713 1216 4758 ,·
1232 4696 1309 4763 Aug.
1318 4698 1443 4762 3,1220.]

276 4813 706 4889 EVERDON‘.—-OmnibuS,
721 4824 782 4876 etc.
829 4812 969 4875 Noverit
986 4809 1181 4873 universitas
1197 4817 1307 4870 vestra
1323 4827 1384 4869 nos
1399 4806 1441 4869 ad

198 4922 473 4998 presentationem
496 4919 650 5001 Magistri
672 4917 875 4998 Rannulphi,
891 4915 1021 4998 patroni
1045 4912 1184 4977 ecclesie
1206 4911 1250 4973 de
1268 4910 1442 4987 Everdon'‚

198 5018 348 5087 dilectum
382 5024 415 5086 in
447 5022 580 5088 Christo
611 5022 725 5099 filium,
752 5021 953 5103 Magistrum
982 5015 1206 5099 Reginaldum
1234 5015 1277 5077 de
1303 5013 1445 5091 Undele,
