3609 5642
608 548 784 644 Episcopi
806 549 1090 622 Lincolm'ensz's.
1410 572 1477 642 179

214 790 389 853 nationem
408 789 561 871 Magistri
578 787 741 871 Stephani
761 787 803 852 de
820 788 1006 865 Sandwic0‚
1023 789 1141 852 ultimo
1164 790 1298 852 rectoris
1317 788 1476 870 ejusdem,

215 892 305 956 facta
328 894 420 974 prius
446 892 660 974 inquisitione
685 911 743 974 per
766 892 805 973 J,
831 891 1114 955 Archidiaconum
1143 893 1419 975 Norhamptonie,
1443 904 1476 957 et

215 996 358 1079 receptis
379 995 497 1058 litteris
512 995 641 1059 domini
661 994 911 1058 Cantuariensis
933 995 1134 1078 patentibus,
1150 1016 1208 1079 per
1230 1016 1314 1078 quas
1337 998 1476 1059 domino

216 1100 389 1183 Episcopo
419 1099 619 1181 significavit
643 1099 743 1182 quod,
767 1084 911 1164 Officiali
936 1099 1115 1163 Cantuarie
1139 1100 1376 1163 Archidiaconi
1401 1102 1476 1164 inti-

215 1214 339 1281 mante,
354 1206 483 1287 accepit
498 1204 625 1267 dictum
644 1204 844 1286 Magistrum
867 1203 1078 1286 Stephanum
1102 1213 1316 1287 personatum
1338 1206 1476 1268 ecclesie

214 1306 259 1370 de
284 1307 477 1371 Hehardres
500 1328 605 1390 prope
628 1308 842 1371 Cantuariam
866 1307 989 1371 habere
1012 1329 1088 1371 cum
1112 1328 1190 1371 cura
1213 1308 1402 1390 parochiali,
1418 1330 1478 1391 per

213 1433 290 1494 que,
310 1422 383 1489 etc,
406 1411 448 1474 ad
471 1410 613 1474 eandem
636 1407 811 1475 ecclesiam
834 1412 1000 1475 admissus
1022 1422 1162 1489 estete.
1210 1413 1255 1476 Et
1279 1412 1474 1475 mandatum

214 1528 266 1579 est
296 1515 405 1579 eidem
436 1515 683 1578 Archidiacono
715 1516 984 1597 Norhamptonie
1013 1515 1103 1596 quod
1135 1515 1339 1597 corporalem
1373 1517 1476 1599 ipsius

214 1620 354 1683 ecclesie
369 1620 615 1702 possessionem
637 1620 748 1683 eidem
763 1620 909 1701 Johanni
933 1619 1055 1683 habere
1079 1620 1177 1683 faciat
1201 1641 1260 1703 per
1277 1621 1475 1703 Magistrum

215 1722 365 1806 Ogerum
382 1724 425 1786 de
441 1722 553 1805 Tyeis,
568 1722 792 1786 advunculum
809 1733 843 1787 et
858 1733 1105 1806 procuratorem
1122 1722 1281 1804 ejusdem.

281 1981 378 2049 [Mem.
390 1982 428 2045 8.]

214 2079 308 2149 [John
319 2079 354 2132 de
371 2080 473 2132 Sancto
493 2078 639 2142 Medardo,
647 2079 797 2147 presented
814 2079 903 2146 hythe
914 2080 1001 2131 Prior
1009 2079 1070 2131 and
1086 2080 1212 2132 Conveni
1227 2080 1262 2147 os
1271 2081 1310 2133 St.
1323 2080 1475 2141 Andrew's,

279 2161 494 2227 tt'orthampton,
509 2160 690 2212 tsinstituted
698 2165 726 2211 to
736 2160 781 2212 the
792 2160 892 2213 church
906 2162 942 2228 os
953 2160 993 2214 St.
1006 2160 1151 2222 Edmund,
1163 2161 1380 2229 Northampton.
1420 2162 1475 2215 Tte

279 2243 514 2309 ancr'entpensehn
525 2243 550 2293 e's
560 2242 689 2295 reserved
698 2247 726 2295 to
736 2242 782 2296 tlte
793 2242 912 2305 ments]

302 2371 492 2434 EDMUNDI
517 2368 1055 2451 NORHAMPTONIE.-J0hannes
1078 2369 1120 2432 de
1152 2369 1278 2434 Sancto
1310 2370 1475 2433 Medardo

217 2473 357 2558 [blank],
384 2483 595 2556 presentatus
626 2494 685 2556 per
715 2473 860 2536 Priorem
892 2483 926 2536 et
956 2483 1157 2536 conventum
1190 2473 1305 2538 Sancti
1337 2474 1474 2537 Andree

218 2577 492 2660 Norhamptonie,
516 2577 558 2641 ad
581 2577 754 2641 ecclesiam
779 2576 895 2641 Sancti
921 2575 1092 2639 Edmundi
1117 2576 1250 2653 ibidem,
1274 2577 1361 2641 sacta
1385 2579 1474 2660 prius

217 2681 431 2763 inquisitione
465 2700 525 2762 per
553 2678 752 2761 Johannem,
783 2678 1066 2742 Archidiaconum
1106 2679 1381 2763 Norhamptonie,
1412 2702 1470 2764 per

217 2803 325 2864 quam,
350 2792 423 2855 etc,
449 2782 491 2845 ad
519 2782 661 2845 eandem
686 2782 853 2846 admissus
876 2792 936 2859 est,
962 2792 996 2845 et
1023 2784 1056 2845 in
1084 2802 1123 2845 ea
1147 2785 1307 2846 canonice
1331 2804 1474 2867 persona

218 2886 396 2959 institutus,
411 2886 504 2947 salva
520 2884 597 2947 inde
612 2885 710 2949 dictis
727 2884 898 2948 monachis
914 2884 1028 2948 debita
1043 2894 1076 2948 et
1092 2886 1231 2967 antiqua
1246 2888 1414 2969 pensione.

216 3261 350 3325 [Peterde
369 3262 513 3323 la‘ttlebiri,
532 3261 701 3325 suhdeacon,
708 3262 859 3329 presented
876 3260 910 3329 by
921 3260 1046 3314 Richard
1062 3262 1096 3313 de
1118 3261 1258 3325 Warenne,
1277 3278 1327 3314 son
1347 3265 1382 3331 os
1393 3263 1475 3331 King

273 3344 361 3409 John,
374 3346 399 3396 is
409 3344 558 3397 instituted
564 3350 593 3396 to
602 3343 648 3396 the
658 3343 759 3396 church
771 3344 808 3409 of
814 3343 937 3406 Ladon]

303 3472 737 3537 LUDINGTONE.—Petms
755 3470 798 3534 de
825 3471 999 3547 Littlebiri,
1015 3471 1247 3549 subdiaconus,
1263 3483 1473 3555 presentatus

219 3596 272 3657 per
288 3575 470 3638 Ricardum
493 3574 536 3638 de
552 3575 729 3651 warenne,
745 3575 849 3637 filium
870 3574 973 3657 Regis
988 3573 1160 3655 Johannis,
1176 3574 1218 3636 ad
1240 3575 1413 3639 ecclesiam
1430 3577 1473 3640 de

220 3678 439 3761 Ludingtone,
462 3679 551 3742 sacta
576 3680 667 3763 prius
690 3680 903 3761 inquisitione
931 3700 989 3761 per
1010 3677 1048 3759 J.‚
1072 3678 1355 3742 Archidiaconum
1388 3682 1472 3743 Nor-

219 3781 418 3866 hamptonie,
438 3792 472 3845 et
499 3783 662 3865 Magistro
688 3781 716 3864 J.
741 3782 784 3845 de
811 3781 1000 3845 Walemere
1022 3782 1096 3863 juri,
1121 3782 1147 3843 si
1176 3781 1265 3864 quod
1291 3783 1417 3859 habuit,
1438 3786 1470 3847 in

218 3886 330 3948 eadem
357 3886 496 3949 ecclesia
521 3888 740 3961 renuntiante,
756 3887 955 3968 silentioque
974 3886 1035 3948 sibi
1058 3906 1116 3967 per
1136 3885 1279 3949 eundem
1297 3886 1470 3950 Archidia-

217 4008 334 4051 conum
355 3990 573 4052 vicedomini
599 3990 757 4073 Episcopi
782 3990 1023 4052 sententialiter
1044 3988 1211 4070 imposit0,
1231 4008 1289 4069 per
1308 4010 1381 4071 que,
1401 4000 1471 4067 etc,

217 4090 256 4153 ad
270 4092 412 4157 eandem
433 4094 607 4157 ecclesiam
629 4095 796 4157 admissus
816 4103 876 4168 est,
891 4103 952 4156 etc.
1001 4094 1046 4156 Et
1067 4091 1263 4154 mandatum
1287 4103 1338 4155 est
1360 4094 1468 4157 eidem

219 4194 461 4262 Archidiacono
476 4209 522 4275 ut,
537 4210 597 4263 etc.

218 4476 353 4541 [William
369 4478 404 4531 de
421 4478 527 4548 Burgo,
545 4480 713 4544 sub-deucere,
729 4482 879 4549 presented
892 4481 926 4549 by
943 4481 988 4534 tlte
1007 4480 1096 4533 Abbot
1112 4480 1172 4532 and
1190 4480 1317 4533 Convent
1331 4481 1367 4548 os
1379 4481 1470 4534 Peter-

276 4560 405 4629 torough,
432 4562 458 4613 is
479 4563 625 4615 instituted
644 4568 671 4616 to
693 4564 738 4617 the
759 4564 859 4616 churclt
881 4565 916 4631 os
939 4563 1051 4615 Pastore.
1101 4562 1158 4615 The
1179 4564 1290 4615 annent
1304 4565 1421 4630 perm'on
1445 4567 1469 4617 is

276 4643 405 4695 rese-med
412 4649 439 4695 to
450 4643 495 4695 the
502 4647 641 4711 patrans]

298 4773 691 4857 PASTOR—Magister
714 4774 903 4837 Willelmus
926 4774 968 4837 de
996 4774 1117 4856 Burg0,
1140 4774 1372 4851 subdiaconus,
1396 4796 1463 4857 pre·

219 4884 360 4938 sensatus
391 4895 450 4957 per
481 4876 651 4939 Abbatem
681 4888 715 4940 et
746 4890 946 4940 conventum
973 4877 1015 4940 de
1047 4878 1158 4959 Burgo
1190 4878 1283 4940 Beati
1310 4878 1397 4941 Petri
1424 4880 1466 4943 ad

219 4978 382 5043 ecclesiam
399 4978 442 5042 de
459 4980 612 5057 Pastone,
628 4981 715 5044 lacta
730 4983 820 5065 prius
837 4981 1049 5063 inquisitione
1065 5002 1123 5065 per
1134 4981 1172 5063 J,
1185 4980 1466 5045 Archidiaconum

1357 5103 1374 5139 Ν
1387 5103 1401 5141 2
