3609 5642
587 557 767 657 Episcopi
783 559 1071 635 Lincolnz’ensis.

287 710 406 717 ...ἡ

201 808 351 881 tempore
378 798 477 863 fuerit
497 799 672 863 annuatim
696 800 929 884 percipiendis,
951 811 1057 865 ratam
1083 800 1246 865 habentes
1266 808 1302 864 et
1322 808 1463 883 gratam,

201 902 342 967 eandem
366 906 565 968 auctoritate
587 904 771 988 episcopali
794 906 1047 981 confirmamus;
1075 905 1175 969 salvis
1196 916 1257 969 etc.
1303 904 1404 987 Quod
1426 914 1464 967 ut

201 1017 259 1071 etc
281 1008 426 1071 testibus
448 1017 482 1070 et
505 1007 585 1072 data
616 1019 652 1073 ut
677 1010 711 1072 in
736 1020 828 1074 carta
855 1010 898 1073 de
922 1008 1102 1074 Grendone
1129 1010 1161 1071 in
1189 1009 1462 1072 archidiaconatu

203 1112 434 1197 Bulringham’.

770 1237 902 1251 —-

201 1326 242 1390 [Τ
236 1328 272 1379 Ιιι
280 1328 441 1380 immutabit
451 1329 488 1397 os
493 1327 620 1381 Richard
626 1328 660 1382 de
670 1329 840 1397 Stavcnesby
849 1334 877 1382 to
888 1329 935 1382 tlte
945 1327 1046 1383 church
1058 1328 1093 1397 os
1101 1327 1243 1394 Peakirk]

288 1430 800 1496 PEYECHURCHE.—Omnibus
830 1443 891 1496 etc.
954 1432 1093 1495 Noverit
1125 1432 1323 1494 universitas
1354 1438 1464 1493 vestra

202 1554 261 1596 nos
283 1534 328 1597 ad
353 1535 635 1617 presentationem
660 1534 858 1599 dilectorum
884 1535 1027 1599 filiorum
1054 1535 1199 1599 Abbatis
1222 1545 1256 1598 et
1279 1543 1464 1597 conventus

202 1636 244 1701 de
264 1638 388 1720 Burgo,
403 1648 621 1720 patronorum
642 1639 779 1703 ecclesie
799 1639 842 1704 de
863 1638 1076 1715 Peichurche,
1095 1639 1254 1703 dilectum
1276 1639 1309 1700 in
1330 1637 1465 1702 Christo

204 1739 304 1803 filium
336 1741 518 1806 Ricardum
544 1741 588 1805 de
613 1744 833 1827 Stavenesby,
858 1744 1024 1821 clericum,
1051 1743 1093 1808 ad
1120 1742 1262 1807 eandem
1288 1742 1462 1806 ecclesiam

202 1844 386 1924 admisisse,
412 1848 588 1930 ipsumque
614 1848 647 1911 in
671 1869 711 1912 ea
738 1850 898 1912 canonice
930 1869 1105 1931 personam
1138 1848 1340 1923 instituisse;
1372 1846 1465 1909 salva

203 1948 298 2012 dictis
319 1948 448 2013 Abbati
469 1961 504 2015 et
526 1953 705 2015 conventui
722 1952 837 2016 debita
856 1965 891 2016 et
911 1954 1050 2035 antiqua
1074 1952 1235 2035 pensione
1258 1950 1301 2015 de
1323 1950 1465 2026 eadem;

202 2052 300 2115 salvis
319 2063 381 2117 etc.
428 2052 529 2137 Quod
550 2064 586 2117 ut
606 2067 667 2118 etc.
688 2056 829 2119 testibus
848 2066 883 2119 et
905 2056 994 2133 data,
1014 2058 1100 2119 sicut
1120 2056 1153 2118 in
1179 2065 1272 2119 carta
1295 2055 1337 2118 de
1359 2054 1464 2118 Gren-

203 2156 287 2219 done
305 2157 338 2220 in
354 2156 626 2222 archidiaconatu
645 2158 879 2243 Bukingham'.

287 2375 358 2459 [On
374 2374 427 2438 the
441 2376 534 2439 dorse
546 2376 617 2459 .·-]

202 2492 315 2555 [Osbert
327 2492 459 2559 Pn‘orof
469 2492 572 2561 Ashby,
583 2493 867 2563 acknowledgesthat
881 2494 927 2548 tlte
943 2494 1046 2563 Pn'ory
1063 2510 1135 2547 owes
1153 2512 1186 2560 ²4
1204 2494 1298 2547 mles
1316 2510 1335 2547 a
1348 2508 1421 2563 year
1438 2500 1466 2547 to

267 2574 331 2642 Guy
341 2573 375 2627 de
384 2574 483 2627 An'cio
485 2576 567 2643 from
579 2576 625 2629 tlte
635 2575 737 2629 churclt
748 2578 784 2645 qs
790 2576 919 2630 Moreton
934 2576 1080 2645 Pinkney;
1096 2576 1161 2629 Feb.
1175 2594 1213 2641 14,
1228 2577 1313 2642 raah]

288 2684 457 2750 Omnibus
474 2685 596 2749 Christi
614 2686 767 2751 fidelibus
783 2686 826 2750 ad
843 2708 928 2770 quos
945 2708 1081 2771 presens
1094 2688 1254 2770 scripturn
1269 2690 1465 2770 pervenerit,

204 2788 376 2865 Osbertus,
405 2790 497 2853 Prior
526 2790 569 2853 de
600 2790 741 2873 Esseby,
765 2802 799 2855 et
826 2791 978 2872 ejusdem
1011 2792 1073 2854 loci
1100 2799 1285 2854 conventus
1313 2790 1465 2855 salutem.

205 2894 259 2957 Ad
294 2896 519 2959 universitatis
556 2905 666 2959 vestre
704 2897 858 2958 notitiam
891 2894 1047 2958 volumus
1079 2897 1250 2979 pervenire
1281 2893 1372 2977 quod
1405 2916 1466 2959 nos
1493 2910 1496 2917 ·

202 3009 355 3063 tenemur
370 2998 510 3063 reddere
528 2999 692 3081 Magistro
716 2998 863 3063 Gnidoni
883 2999 928 3063 de
950 2998 1063 3064 Aricio
1083 3001 1134 3063 vel
1156 3009 1247 3063 certo
1267 2999 1385 3062 nuntio
1405 3020 1467 3062 suo

202 3102 243 3166 de
272 3103 415 3166 ecclesia
445 3103 489 3166 de
519 3103 861 3179 Guldenemorthone,
885 3123 988 3185 quarn
1019 3113 1172 3167 tenemus
1197 3103 1240 3166 de
1270 3123 1320 3179 eo,
1347 3102 1466 3185 viginti

201 3216 344 3288 quatuor
364 3227 494 3270 marcas
517 3206 681 3270 bonorum
705 3218 739 3269 et
763 3206 921 3289 legalium
947 3206 1181 3290 sterlingorum
1206 3205 1346 3288 singulis
1369 3207 1466 3270 annis

202 3310 234 3371 in
258 3309 392 3373 duobus
421 3311 573 3375 terminis
603 3311 691 3387 anni,
718 3310 878 3393 quamdiu
906 3310 1040 3387 vixerit,
1065 3311 1195 3392 integre
1219 3310 1346 3392 absque
1373 3310 1465 3373 omni

201 3413 397 3477 difficultate
427 3424 461 3477 et
492 3414 766 3490 contradictione,
797 3414 953 3478 videlicet
984 3416 1017 3476 in
1050 3413 1136 3477 festo
1175 3414 1263 3477 beati
1301 3413 1465 3495 Johannis

204 3518 355 3601 Baptiste
371 3517 419 3581 xii
436 3539 565 3582 marcas
584 3529 619 3582 et
639 3520 671 3581 in
691 3518 805 3582 Natali
823 3520 980 3599 proximo
996 3519 1149 3600 sequenti
1169 3519 1215 3581 xii
1235 3538 1371 3582 marcas
1420 3518 1465 3581 Et

203 3633 351 3705 preterea
370 3621 610 3685 sustinebimus
630 3623 744 3684 omnia
767 3642 869 3684 onera
893 3621 980 3684 illius
1003 3620 1142 3684 ecclesie
1166 3630 1234 3683 tarn
1259 3620 1465 3703 episcopalia

202 3747 301 3808 quam
332 3724 623 3801 archidiaconalia,
650 3745 751 3807 quarn
780 3726 949 3807 pensionis
978 3724 1013 3787 xl
1045 3723 1237 3799 solidorum,
1269 3744 1370 3806 quam
1403 3744 1464 3785 nos

203 3832 374 3895 annuatim
400 3829 478 3894 inde
503 3831 672 3912 percipere
696 3831 953 3903 consuevimus;
982 3830 1028 3893 ita
1052 3829 1141 3911 quod
1166 3829 1276 3892 dictus
1301 3828 1464 3911 Magister

204 3936 314 4000 Guido
343 3936 511 4019 predictas
541 3935 659 4017 viginti
691 3946 835 4018 quatuor
865 3955 994 3997 marcas
1026 3933 1152 4016 absque
1182 3934 1274 3995 omni
1305 3953 1405 3995 onere
1429 3942 1464 3996 et

203 4038 426 4103 diminutione
448 4060 468 4103 a
492 4039 588 4103 nobis
612 4040 785 4103 annuatim
810 4038 978 4121 percipiet.
1027 4038 1071 4102 Et
1091 4037 1133 4101 ad
1156 4036 1241 4100 hanc
1262 4036 1463 4101 solutionem

204 4144 339 4209 firmiter
354 4155 389 4208 et
405 4143 547 4208 fideliter
563 4142 760 4219 faciendam,
773 4154 809 4207 ut
825 4142 1013 4226 predictum
1029 4151 1089 4217 est,
1102 4162 1163 4204 nos
1179 4152 1213 4205 et
1224 4141 1463 4205 monasterium

203 4260 352 4313 nostrum
376 4248 607 4333 obligavimus
656 4249 701 4312 Et
721 4248 754 4311 in
775 4246 874 4329 hujus
895 4248 940 4311 rei
964 4246 1194 4310 testimonium
1218 4245 1328 4329 sigilla
1351 4253 1465 4308 nostra

204 4353 346 4435 presenti
363 4353 488 4435 scripto
504 4351 664 4416 duximus
684 4350 894 4434 apponenda.
944 4348 1069 4413 Actum
1090 4348 1181 4432 apud
1204 4348 1333 4431 Esseby
1350 4357 1464 4411 sexto-

203 4454 333 4520 decimo
358 4454 520 4519 kalendas
548 4456 674 4529 Marcii,
697 4454 912 4536 pontificatus
940 4453 1112 4518 reverendi
1145 4452 1249 4535 patris
1274 4463 1308 4516 et
1334 4450 1463 4514 domini

205 4561 306 4623 nostri
324 4560 468 4623 Honorii
487 4562 577 4642 Pape
593 4561 681 4623 tertii
698 4580 788 4623 anno
804 4560 944 4623 decimo

206 4827 243 4895 [A
253 4829 407 4882 relaxation
419 4830 582 4896 ‹aspenancc
592 4833 620 4880 to
631 4830 707 4881 those
723 4828 789 4880 who
796 4829 866 4895 grite
885 4828 958 4880 alnas
976 4832 1004 4879 lo
1023 4825 1217 4893 Rockinglutm
1236 4823 1338 4891 briige,
1351 4821 1457 4875 simiai

267 4916 294 4963 to
304 4912 367 4965 that
375 4911 470 4965 which
482 4911 543 4964 laad
550 4912 614 4964 been
622 4912 748 4979 granted
756 4914 787 4965 in
800 4912 846 4964 tlte
850 4928 923 4980 year
933 4914 1013 4973 1218;
1030 4910 1093 4963 Feb.
1105 4927 1144 4972 κ,
1159 4908 1245 4972 mn]

289 5012 460 5078 Omnibus
501 5023 562 5078 etc.
628 5013 797 5098 Quoniam
841 5015 927 5078 inter
968 5034 1069 5095 opera
1106 5010 1252 5075 caritatis
1290 5009 1325 5073 id
1363 5006 1460 5070 valde
