3609 5642
348 590 419 660 3²2
693 566 828 637 Rotulz'
849 563 1026 661 Hugonz's
1052 564 1095 636 de
1130 562 1263 635 Welles

349 806 546 870 Leircestrie
565 825 624 887 per
641 824 743 887 quam
759 812 830 880 etc„
846 802 889 866 ad
906 803 1048 867 eandem
1068 801 1234 866 admissus
1253 812 1305 866 est
1320 812 1392 880 etc,
1407 824 1484 866 cum
1507 824 1606 867 onere

346 919 380 974 et
396 930 484 992 pena
498 909 704 972 vicariorum.
752 908 797 971 Et
813 907 1010 970 mandatum
1027 916 1078 969 est
1093 906 1202 970 eidem
1225 905 1474 989 Archidiacono
1490 918 1527 972 ut
1543 918 1604 971 etc.

348 1013 509 1077 Consistit
532 1023 644 1076 autem
668 1013 741 1094 ipsa
762 1011 884 1074 vicaria
907 1010 941 1074 in
965 1020 1037 1074 toto
1060 1009 1219 1093 altalagio
1242 1010 1345 1093 ipsius
1368 1011 1507 1075 ecclesie
1530 1032 1605 1076 cum

350 1136 467 1179 manso
483 1124 703 1199 competente.
749 1114 903 1177 Vicarius
917 1113 1022 1176 solvet
1034 1112 1210 1195 synodalia
1225 1122 1368 1189 tantum,
1386 1116 1479 1177 Prior
1493 1126 1605 1179 autem

348 1228 382 1282 et
398 1227 582 1283 conventus
598 1220 711 1282 omnia
727 1238 829 1285 onera
845 1217 1012 1280 ordinaria
1024 1216 1244 1279 sustinebunt.

854 1525 996 1590 Auuus
1019 1538 1103 1587 xxu

348 1651 503 1716 [Walketin
519 1651 554 1703 de
564 1650 631 1711 Rol'‚
645 1648 784 1717 ctaplain,
797 1648 948 1717 presented
961 1648 1050 1717 hythe
1065 1648 1156 1702 Abbot
1169 1649 1231 1703 ared
1247 1649 1374 1702 Convent
1388 1650 1425 1715 os
1431 1648 1570 1715 Leieester,
1583 1651 1608 1702 r's

414 1732 559 1786 imtituted
566 1737 594 1785 to
605 1732 650 1786 tte
660 1732 761 1786 charete
773 1734 809 1800 os
819 1732 953 1799 WanlipJ

437 1841 886 1907 numism-walkelinus
910 1841 953 1905 de
981 1841 1064 1919 Rol'‚
1090 1842 1292 1926 capellanus,
1313 1852 1525 1923 presentatus
1550 1864 1607 1926 per

351 1948 522 2011 Abbatem
538 1955 572 2010 et
587 1956 790 2010 conventum
812 1945 992 2009 Leicestrie
1012 1945 1054 2008 ad
1078 1944 1253 2009 ecclesiam
1274 1944 1318 2009 de
1340 1946 1502 2027 Anelepe,
1518 1945 1607 2010 sacta

350 2053 440 2135 prius
465 2051 679 2134 inquisitione
704 2070 762 2132 per
787 2048 1003 2126 willelmum,
1030 2049 1314 2113 Archidiaconum
1342 2049 1546 2127 Leircestrie,
1573 2060 1606 2113 et

349 2157 490 2238 receptis
506 2155 624 2217 litteris
640 2153 780 2217 Walteri
796 2152 839 2216 de
862 2151 1040 2229 Bristollia,
1055 2152 1226 2235 quondam
1244 2152 1380 2216 rectoris
1395 2152 1557 2235 ejusdem,
1573 2156 1604 2218 in

348 2259 488 2323 ecclesia
518 2257 561 2321 de
594 2256 804 2320 Hildesdone
842 2277 901 2339 per
934 2255 1108 2321 dominum
1148 2256 1411 2321 Londiniensem
1442 2257 1486 2321 de
1518 2278 1607 2322 nouo

349 2362 502 2438 instituti,
532 2381 632 2445 super
662 2360 885 2443 resignatione
913 2360 996 2442 juris
1027 2361 1117 2443 quod
1149 2362 1181 2445 in
1213 2360 1353 2424 ecclesia
1385 2360 1534 2444 predicta
1564 2361 1606 2425 de

350 2464 483 2547 Anlepe
503 2464 628 2541 habuit,
644 2473 678 2527 et
700 2464 850 2527 Roberto
869 2463 913 2527 de
930 2463 1085 2541 Bartone,
1100 2464 1283 2546 capellan0,
1297 2462 1362 2545 juri
1383 2485 1452 2541 suo,
1468 2465 1495 2527 si
1515 2466 1604 2548 quod

350 2568 382 2630 in
406 2566 524 2631 eadem
548 2567 688 2631 ecclesia
710 2562 827 2631 habuit
849 2566 901 2630 vel
925 2567 1050 2631 habere
1076 2567 1258 2645 videbatur,
1280 2588 1440 2651 expresse
1460 2572 1606 2633 renunti-

349 2680 437 2748 ante,
467 2691 525 2753 per
555 2691 620 2752 que
645 2670 817 2753 negotium
843 2669 905 2733 fuit
933 2670 966 2732 in
993 2670 1164 2753 expedito,
1188 2670 1231 2734 ad
1258 2671 1400 2735 eandem
1431 2672 1605 2736 ecclesiam

349 2774 516 2837 admissus
530 2784 582 2837 est
596 2774 706 2849 dictus
719 2772 937 2851 Walkelinus,
952 2783 987 2837 et
1003 2774 1035 2836 in
1046 2796 1086 2837 ea
1096 2775 1256 2838 canonice
1268 2795 1409 2857 persona
1426 2776 1605 2839 institutus.

351 2876 396 2940 Et
422 2876 619 2940 mandatum
649 2887 699 2940 est
724 2876 816 2941 dicto
849 2876 1098 2940 Archidiacono
1125 2888 1161 2941 ut
1183 2879 1291 2960 ipsum
1320 2878 1547 2942 Wallrelinum
1574 2879 1605 2942 in

351 2981 557 3064 corporalem
574 2981 712 3045 ecclesie
727 2980 875 3064 predicte
891 2982 1138 3064 possessionem
1156 2980 1300 3044 inducat.
1454 2975 1456 2981 ’

350 3285 488 3355 [Richard
496 3286 530 3339 de
546 3285 644 3338 Monte
655 3285 765 3349 Sorelli,
777 3286 927 3353 presented
940 3286 974 3354 by
989 3285 1114 3339 Willr'am
1133 3286 1309 3345 meentin.
1321 3286 1346 3338 is
1362 3287 1508 3340 instituted
1520 3293 1548 3341 to
1563 3288 1608 3340 the

416 3367 514 3435 chatel
521 3369 557 3436 os
568 3367 661 3420 Nmte
680 3367 757 3420 Cotes
768 3367 878 3436 (punisti
889 3368 925 3435 os
936 3367 1124 3437 Prestwoln]

438 3476 781 3543 COTEs.—Ricardus
804 3477 847 3541 de
872 3478 991 3541 Monte
1015 3478 1143 3544 Sorelli‘
1158 3476 1294 3561 [blank],
1317 3487 1528 3560 presentatus
1552 3500 1608 3562 per

352 3581 559 3645 Willelmum
585 3583 785 3646 Frumentin
808 3582 851 3645 ad
875 3583 1038 3665 capellam
1055 3583 1098 3647 de
1122 3582 1232 3659 Cotes,
1247 3582 1337 3646 sacta
1360 3584 1450 3665 prius
1473 3585 1608 3666 inquisi-

351 3687 443 3749 tione
459 3706 517 3768 per
534 3685 750 3763 Willelmum,
766 3686 1050 3750 Archidiaconum
1069 3687 1273 3763 Leircestrie,
1289 3706 1463 3769 perquam
1480 3696 1551 3763 etc,
1566 3686 1607 3748 ad

350 3789 492 3853 eandem
509 3790 676 3853 admissus
699 3801 750 3854 est
772 3811 848 3853 cum
870 3810 959 3872 pena
981 3800 1016 3853 et
1039 3810 1140 3854 onere
1163 3799 1224 3853 etc.
1272 3789 1317 3853 Et
1342 3787 1539 3853 mandatum
1556 3798 1606 3851 est

354 3893 464 3956 eidem
482 3892 730 3956 Archidiacono
746 3904 782 3956 ut
797 3904 858 3957 etc.
905 3893 961 3977 [ln
977 3894 1030 3957 tlze
1046 3893 1176 3976 marffln
1191 3893 1260 3976 .·-]
1285 3892 1519 3959 Subdiaconus
1534 3903 1592 3957 est.

351 4198 488 4264 [Thomas
498 4195 532 4248 de
539 4194 657 4261 Andely,
668 4196 775 4259 deaeen,
788 4196 906 4249 cottated
913 4197 946 4264 by
957 4198 1002 4250 ttee
1013 4196 1127 4265 Bistop,
1138 4196 1184 4251 the
1191 4200 1348 4265 patroemge
1359 4196 1441 4262 being
1451 4196 1482 4247 ἐκ
1491 4196 1608 4265 destun.

416 4280 442 4330 ts
452 4275 597 4331 imtituted
606 4282 634 4328 to
644 4278 689 4330 ttae
698 4278 800 4331 etmrcte
811 4278 847 4345 of
852 4279 998 4346 Appteby]

440 4387 819 4452 APPELBY.-Thomas
864 4389 907 4452 de
955 4388 1101 4471 Andely,
1145 4389 1315 4464 diaconus,
1355 4388 1408 4451 cui
1453 4387 1608 4452 dominus

353 4494 543 4577 Episcopus
569 4491 744 4555 ecclesiam
769 4491 812 4555 de
837 4492 998 4576 Appelby
1022 4493 1222 4555 auctoritate
1241 4491 1381 4556 Concilii
1400 4491 1551 4567 contulit,
1567 4492 1608 4555 ad
1655 4508 1672 4533 ·

351 4596 493 4660 eandem
514 4595 680 4659 admissus
699 4606 759 4673 est,
778 4606 812 4659 et
837 4598 870 4659 in
895 4618 936 4661 ea
961 4596 1122 4660 canonice
1147 4616 1288 4679 persona
1314 4596 1494 4672 institutus
1518 4595 1609 4659 salvo

352 4702 569 4783 imposterum
584 4698 658 4780 jure
675 4699 889 4781 presentandi
912 4700 955 4764 ad
979 4720 1053 4763 eam
1078 4700 1107 4763 ei
1132 4700 1182 4763 vel
1206 4700 1254 4761 eis
1269 4700 1325 4781 qui
1342 4698 1396 4780 jus
1413 4708 1609 4781 patronatus

353 4804 510 4868 evicerint
527 4803 559 4866 in
580 4802 706 4866 eadem.
754 4802 799 4867 Et
821 4804 1017 4868 mandatum
1037 4814 1089 4868 est
1109 4803 1171 4881 W,
1193 4803 1440 4867 Archidiacono
1464 4802 1608 4867 Leirces-

352 4910 423 4984 trie,
439 4918 475 4971 ut
490 4917 551 4970 etc.
598 4906 819 4970 Postmodum
842 4928 922 4970 vero
945 4907 1069 4990 recepit
1092 4906 1249 4970 dominus
1274 4907 1462 4990 Episcopus
1483 4906 1608 4971 litteras

353 5009 481 5073 domini
514 5010 617 5091 Regis
646 5010 856 5073 continentes
886 5010 976 5095 quod
1023 5012 1116 5075 Prior
1145 5010 1187 5074 de
1227 5010 1362 5073 Lithum
1403 5010 1607 5092 recuperarit
