3609 5642
614 587 792 684 Episcopi
814 587 1100 662 Lincolnz'ensis.
1133 676 1143 700 .
1434 553 1486 681 35.

227 821 384 900 Simonis,
400 825 527 901 clerico,
542 823 585 888 ad
609 825 751 889 eandem
773 838 966 910 presentato
990 828 1089 910 prius,
1111 826 1153 890 ad
1176 829 1282 909 ipsam
1306 827 1369 889 sub
1392 847 1479 908 pena

227 925 367 991 Concilii
383 927 516 992 admitti
533 931 676 1007 nolente,
693 952 751 1014 per
766 951 840 1012 que,
856 942 927 1008 etc,
939 932 981 995 ad
998 932 1139 995 eandem
1157 931 1322 994 admissus
1338 941 1481 1007 estete,

225 1039 259 1094 et
275 1032 472 1095 mandatum
488 1040 540 1096 est
555 1031 646 1096 dicto
664 1032 911 1098 Archidiacono
926 1045 973 1110 ut,
989 1044 1050 1098 etr.

226 1233 352 1302 [Amold
365 1233 399 1287 de
415 1234 552 1303 Berkeley,
565 1235 733 1296 sub-deame,
739 1237 889 1305 presented
903 1237 937 1305 ly
956 1236 1000 1290 tlte
1016 1237 1105 1304 Kietg,
1124 1236 1189 1288 who
1206 1236 1266 1289 lead
1279 1236 1422 1290 recovered
1436 1236 1482 1288 tlte

291 1316 450 1382 advowson,
463 1319 488 1370 is
504 1318 650 1372 instituted
654 1322 762 1387 parson
774 1320 810 1388 of
815 1319 1002 1388 Ltlle'ngstone
1014 1320 1107 1380 lovel,
1119 1334 1184 1372 now
1193 1321 1225 1371 in
1236 1318 1348 1387 Baetes]

316 1436 808 1502 LILLINGSTAN’.-Ernaldus
832 1438 874 1502 de
898 1438 1072 1521 Berkelay,
1092 1437 1325 1514 subdiaconus,
1348 1458 1481 1522 presen-

226 1549 317 1604 tatus
339 1541 383 1604 ad
404 1541 579 1605 ecclesiam
602 1541 645 1606 de
677 1542 897 1625 Lillingstane
920 1564 980 1626 per
1002 1542 1176 1606 dominum
1202 1543 1330 1625 Regem
1354 1543 1483 1606 ratione

226 1653 387 1709 terrarum
417 1645 687 1710 Normannorum
719 1648 751 1711 in
784 1667 883 1711 manu
916 1668 976 1711 sua
1006 1648 1235 1722 existentium,
1265 1646 1353 1712 sacta
1391 1647 1481 1730 prius

226 1748 441 1830 inquisitione
470 1769 531 1831 per
557 1751 608 1827 A.,
635 1750 921 1815 Archidiaconum
959 1751 1082 1828 Oxon',
1112 1761 1146 1816 et
1184 1752 1326 1834 receptis
1364 1751 1482 1815 litteris

226 1850 378 1933 ejusdem
410 1851 537 1916 domini
578 1854 689 1936 Regis,
722 1854 811 1936 quod
846 1855 878 1917 in
917 1855 1008 1918 curia
1042 1875 1103 1917 sua
1140 1874 1253 1917 coram
1282 1904 1284 1909 .
1292 1853 1483 1936 justiciariis

226 1955 295 2018 suis
319 1954 408 2039 apud
434 1955 769 2021 Westmonasterium
795 1978 854 2039 per
883 1957 1184 2021 considerationem
1214 1956 1367 2039 ejusdem
1394 1956 1483 2020 curie

227 2059 433 2140 recuperavit
447 2059 604 2124 seisinam
620 2080 714 2123 suam
731 2060 774 2124 de
790 2059 1011 2125 advocatione
1033 2060 1171 2124 ecclesie
1194 2059 1236 2123 de
1261 2060 1482 2142 Lillingstane

227 2182 341 2225 versus
367 2161 549 2226 Radulfum
574 2163 617 2227 de
644 2163 795 2228 Carevill'
811 2175 845 2228 et
861 2163 1068 2227 Willelmum
1094 2163 1137 2226 de
1165 2162 1311 2238 Osevill’,
1327 2184 1387 2245 per
1408 2183 1482 2246 que,

227 2274 298 2341 etc,
314 2266 356 2330 ad
372 2265 513 2330 eandem
531 2266 695 2330 admissus
711 2280 770 2345 est,
786 2277 846 2332 etc.
894 2267 940 2331 Et
964 2267 1160 2332 mandatum
1183 2277 1235 2330 est
1257 2267 1347 2332 dicto
1365 2267 1483 2331 Archi-

230 2367 373 2433 diacono
389 2378 434 2447 ut,
449 2381 510 2434 etc.

228 2562 321 2633 [Jolm
342 2563 376 2617 de
397 2564 554 2624 Crakehale,
573 2565 690 2619 collected
708 2566 741 2634 dy
763 2567 809 2620 the
831 2566 944 2634 Ba'rlrep,
961 2569 987 2621 is
1003 2568 1150 2621 teutitreted
1159 2572 1265 2637 parson
1283 2569 1319 2636 os
1332 2566 1483 2631 Somertom

294 2645 383 2714 Aput
396 2665 419 2714 φ,
441 2664 512 2714 1231,
531 2647 565 2716 ey
583 2647 629 2700 tte
645 2647 783 2717 autema
800 2649 837 2717 of
850 2649 896 2702 tte
916 2648 1036 2702 dmm.
1069 2649 1188 2703 Emtae
1205 2649 1239 2702 ee
1260 2647 1413 2702 menduc
1428 2647 1489 2700 eae

289 2728 440 2792 presented
447 2728 492 2781 leis
502 2729 619 2796 mpkew
629 2729 730 2784 Robert
739 2746 775 2783 on
789 2731 845 2784 Oct.
858 2747 896 2795 10,
910 2733 997 2798 teja]

319 2848 780 2930 SOMERTONE.—Johannes
803 2851 846 2914 de
869 2849 1056 2915 Crakehale
1076 2849 1228 2934 [blank],¹
1253 2851 1305 2914 cui
1329 2849 1485 2914 dominus
1566 2924 1571 2936 ,

230 2952 418 3035 Episcopus
434 2953 631 3016 auctoritate
648 2952 787 3017 Concilii
803 2953 945 3017 contulit
960 2954 1134 3017 ecclesiam
1150 2954 1193 3017 de
1217 2953 1425 3030 Sumertone‚
1441 2953 1483 3018 ad

227 3055 370 3120 eandem
387 3054 552 3118 admissus
568 3065 626 3120 est.
676 3057 720 3120 Et
736 3055 934 3120 mandatum
950 3066 1002 3121 est
1022 3057 1073 3133 A,
1097 3056 1345 3120 Archidiacono
1361 3056 1484 3134 Oxon’,

228 3168 274 3236 ut,
303 3169 374 3235 etc,
401 3159 493 3222 salvo
524 3179 602 3223 vero
633 3171 784 3242 patrono,
814 3180 890 3223 cum
922 3180 997 3224 eam
1035 3161 1118 3224 alias
1148 3181 1265 3224 vacare
1296 3161 1484 3243 contigerit,

224 3262 299 3345 jure
314 3261 527 3345 presentandi
544 3263 587 3326 ad
603 3263 752 3327 eandem.
801 3263 997 3328 Notandum
1015 3284 1092 3327 vero
1115 3263 1206 3345 quod
1230 3263 1320 3327 dicta
1342 3263 1484 3327 ecclesia

228 3366 318 3449 cepit
344 3385 462 3429 vacare
486 3367 541 3430 die
569 3367 666 3430 Lune
688 3369 844 3451 proxima
867 3378 944 3450 post
968 3366 1209 3430 exaltationem
1233 3378 1348 3431 sancte
1370 3368 1484 3443 crucis,

226 3488 317 3532 anno
339 3470 495 3551 proximo
519 3472 684 3554 preterito,
733 3471 939 3535 Presentavit
955 3483 1067 3535 autem
1083 3463 1284 3534 Eustachr'us
1299 3469 1343 3534 de
1367 3471 1483 3536 Grein-

228 3572 294 3636 vill’
322 3574 518 3655 magistrum
552 3574 736 3639 Robertum
769 3585 926 3658 nepotem
957 3595 1053 3637 suum
1086 3574 1140 3637 die
1164 3573 1305 3636 Veneris
1328 3575 1483 3655 proxima

227 3685 304 3758 post
328 3675 449 3739 festum
477 3677 582 3741 sancti
610 3678 752 3741 Dionisii
780 3679 937 3761 proximo
961 3687 1159 3759 sequens,et
1175 3677 1236 3741 fuit
1252 3676 1374 3740 collata
1389 3677 1480 3741 dicto

227 3779 267 3862 J,
276 3780 394 3862 quinto
408 3780 487 3843 Idus
501 3781 628 3865 Aprilis
640 3782 810 3864 sequentis
828 3803 935 3845 mane.

227 3948 341 4019 [Robeet
355 3949 389 4004 de
408 3949 499 4019 Haya,
513 3951 663 4018 presented
674 3951 708 4020 by
726 3951 771 4005 tlte
781 3951 941 4006 Abbotand
951 3951 1077 4005 Convent
1089 3953 1125 4020 os
1136 3950 1290 4019 Eynslrem.
1303 3951 1501 4003 isimtituted·

288 4035 395 4099 panon
406 4031 591 4100 ofSeuldem.
625 4033 725 4088 Robert
735 4033 770 4087 de
785 4033 1010 4102 Wenlinglurgle
1022 4033 1179 4087 reneuneed
1187 4033 1232 4085 leis
1242 4030 1345 4101 claim]

315 4151 751 4217 SUTHORNE.-R0bertus
781 4153 824 4216 de
856 4152 957 4235 Haya
1000 4151 1153 4236 [blank],²
1184 4161 1392 4236 presentatus
1422 4172 1482 4233 per

228 4253 399 4319 Abbatem
414 4263 449 4319 et
465 4263 667 4319 conventum
683 4257 726 4320 de
744 4255 971 4340 Eygnesham'
987 4257 1030 4320 ad
1047 4257 1220 4322 ecclesiam
1237 4253 1279 4319 de
1303 4254 1471 4320 Sulthorn’

227 4357 377 4422 Roberto
401 4356 443 4421 de
470 4357 714 4441 Wenlingburg
740 4360 830 4442 prius
861 4370 1053 4442 presentato
1083 4359 1126 4422 ad
1155 4357 1297 4422 eandem
1324 4357 1389 4439 juri
1419 4379 1480 4421 suo

225 4471 347 4545 sponte
376 4471 411 4525 et
434 4461 587 4534 absolute
617 4463 837 4539 renuntiante,
860 4462 949 4526 sacta
979 4462 1069 4546 prius
1101 4462 1314 4544 inquisitione
1345 4482 1405 4543 per
1427 4462 1479 4539 A.,

227 4564 513 4629 Archidiaconum
530 4565 652 4642 Oxon',
668 4585 816 4649 perque,
831 4577 901 4642 etc,
917 4567 960 4630 ad
980 4566 1122 4630 eandem
1146 4565 1311 4629 admissus
1333 4573 1393 4641 est,
1409 4575 1480 4641 etc,

226 4679 260 4734 et
277 4668 473 4732 mandatum
488 4678 540 4733 est
555 4668 646 4733 dicto
663 4668 910 4733 Archidiacono
927 4678 972 4746 ut,
987 4680 1058 4747 etc,
1073 4670 1165 4732 salva
1180 4669 1280 4732 dictis
1296 4667 1424 4731 Abbati
1446 4676 1481 4731 et

226 4773 406 4837 conventui
422 4793 534 4836 annua
549 4782 683 4836 centum
700 4773 882 4836 solidorum
900 4775 1061 4855 pensione
1077 4773 1120 4836 de
1135 4773 1261 4836 eadem.

335 4971 345 5002 ¹
360 4971 528 5034 “Clericus''‚
542 4971 685 5037 originally
696 4971 813 5034 written,
827 4971 960 5022 hasbeen
974 4971 1081 5022 erased.

336 5053 347 5082 ¹
359 5051 429 5105 This
440 5067 525 5120 space
537 5067 596 5105 was
609 5051 657 5105 leit
670 5051 712 5104 lor
724 5069 741 5106 a
753 5051 830 5104 word
842 5060 870 5105 to
884 5051 1012 5106 describe
1022 5053 1048 5104 in
1061 5053 1135 5103 what
1149 5049 1245 5102 orders
1259 5049 1294 5100 he
1306 5065 1372 5180 walp.

1376 5134 1394 5181 2
