3609 5642
585 491 1059 589 Epzscopz'Lz'ncolniensz's.
1397 512 1463 583 147

203 735 358 798 Thomas
387 734 431 797 de
462 734 580 816 Longa
610 732 710 809 Villa,
745 732 838 794 Prior
872 732 988 797 Sancti
1024 731 1159 795 Andree
1190 731 1466 815 Norhamptonie,

204 838 350 901 salutem
368 839 401 900 in
417 859 496 901 vero
512 837 656 900 salutari.
705 835 752 900 Ut
768 856 808 898 ea
823 855 887 917 que
903 835 992 898 bona
1008 833 1074 898 fide
1095 834 1178 899 fiunt
1193 836 1266 898 aliis
1281 837 1417 900 veniant
1432 840 1465 900 in

206 942 364 1005 notitiam
392 952 502 1005 vestra
533 942 660 1004 noverit
684 940 881 1003 universitas
908 959 962 1001 me
986 938 1113 1002 litteras
1135 939 1263 1003 domini
1295 940 1467 1023 Stephani,

209 1046 330 1110 Prioris
347 1046 390 1109 de
407 1044 563 1121 Caritate,
579 1043 758 1108 venerabili
778 1043 873 1126 patri,
890 1042 1114 1105 Lincolniensi
1134 1043 1311 1124 Episcopo
1329 1044 1467 1128 Hugoni

206 1149 358 1214 secundo
388 1149 576 1232 porrexisse
607 1147 669 1210 sub
695 1146 758 1210 hac
782 1145 906 1210 forma:
930 1146 1244 1210 “Reverendissimo
1266 1148 1404 1211 domino
1434 1160 1468 1213 et

209 1254 306 1337 patri,
322 1263 394 1330 etc,
410 1263 446 1316 ut
467 1252 592 1335 supra”.
638 1251 724 1316 Cum
737 1251 837 1334 igitur
853 1249 944 1313 dicto
959 1249 1098 1313 domino
1115 1250 1285 1334 Episcopo
1296 1251 1339 1315 de
1360 1253 1469 1335 sigillo

209 1357 290 1420 dicti
315 1357 436 1420 Prioris
451 1355 549 1419 dictis
573 1355 690 1418 litteris
706 1355 868 1436 impresso
891 1354 1055 1436 legittime
1070 1364 1246 1431 constaret,
1265 1365 1301 1418 et
1316 1356 1406 1437 quod
1426 1355 1469 1419 de

210 1459 416 1523 conscientia
430 1469 464 1523 et
481 1478 581 1522 manu
599 1459 702 1541 ipsius
728 1459 847 1520 Prioris
868 1457 1013 1540 sigillum
1037 1458 1145 1539 ipsum
1169 1457 1286 1521 litteris
1307 1459 1387 1541 ipsis
1409 1459 1469 1523 fuit

211 1563 414 1647 appositum,
441 1562 529 1626 idem
560 1561 717 1625 dominus
748 1581 810 1636 me,
840 1561 1016 1623 occasione
1043 1562 1226 1624 litterarum
1253 1563 1399 1644 ipsarum
1427 1563 1469 1626 ad

213 1667 398 1750 prioratum
425 1665 540 1730 Sancti
562 1665 699 1728 Andree
719 1664 988 1746 Norhamptonie
1008 1664 1152 1740 admisit,
1178 1674 1213 1727 et
1236 1666 1381 1729 Priorem
1407 1666 1470 1729 sol·

212 1769 390 1851 lempniter
401 1768 544 1831 instituit
554 1769 587 1830 in
598 1767 727 1843 eodem,
736 1787 848 1830 curam
860 1767 941 1830 milri
952 1767 1186 1849 temporalium
1196 1779 1230 1831 et
1241 1769 1471 1851 spiritualium,

210 1874 417 1937 exteriorum
434 1883 467 1935 et
492 1874 695 1948 interiorum,
716 1872 759 1935 ad
778 1871 906 1935 dictum
929 1873 1111 1954 prioratum
1134 1874 1380 1954 pertinentium,
1399 1884 1471 1937 tan-

210 1997 314 2059 quam
325 1977 532 2052 diocesanus,
544 1977 795 2040 committendo
822 1977 897 2058 Ego
907 1985 1019 2040 autem
1032 1974 1141 2039 eidem
1152 1975 1290 2040 domino
1304 1978 1472 2062 Episcopo

209 2081 409 2145 canonicam
426 2080 497 2157 leci,
513 2082 597 2145 sicut
615 2081 715 2143 moris
731 2089 790 2156 est,
806 2079 1041 2143 obedientiam.
1090 2079 1134 2142 Et
1150 2081 1183 2142 in
1203 2079 1302 2160 hujus
1319 2083 1363 2144 rei
1380 2083 1473 2145 testi·

212 2185 365 2247 monium
382 2184 590 2267 presentibus
606 2184 723 2248 litteris
740 2182 884 2266 sigillum
902 2204 1013 2246 meum
1030 2185 1179 2266 apposui.
1226 2184 1372 2248 Valete.”

719 2600 860 2664 Auuus
883 2595 974 2662 xx⁰⁸·

209 2749 357 2814 [We'lltam
374 2748 408 2802 de
425 2749 543 2808 Soetleen
560 2748 728 2810 sub-deucere,
742 2747 891 2815 presented
905 2747 939 2815 by
949 2748 994 2801 the
1011 2747 1102 2800 Atto!
1115 2747 1176 2800 and
1193 2748 1319 2801 C'onvent
1336 2749 1372 2817 os
1385 2749 1476 2802 Peter·

280 2831 412 2900 borongle,
434 2832 459 2883 is
474 2831 622 2885 instituted
635 2836 661 2883 to
678 2831 723 2884 tlte
739 2830 839 2884 chnrcte
857 2831 892 2898 of
911 2830 1066 2899 Kettertng.
1112 2831 1169 2882 The
1188 2833 1299 2882 ana'ent
1313 2833 1432 2898 penn'on
1452 2835 1477 2885 is
1510 2872 1515 2877 .

280 2913 411 2967 resen-ved
419 2919 447 2967 to
457 2913 502 2966 tlte
512 2916 647 2966 sam'stan
658 2914 694 2982 os
705 2913 930 2981 Peterdorongte]

308 3050 757 3132 KETERINGE.-Magister
787 3049 976 3112 Willelmus
1000 3049 1044 3113 de
1071 3049 1220 3126 Scother,
1246 3049 1478 3126 subdiaconus,

215 3164 429 3239 presentatus
446 3174 505 3235 per
530 3152 699 3216 Abbatem
718 3163 752 3217 et
775 3164 978 3216 conventum
1003 3153 1098 3216 Beati
1123 3154 1211 3216 Petri
1234 3153 1277 3217 de
1301 3153 1413 3236 Burgo
1435 3153 1477 3216 ad

213 3259 393 3322 ecclesiam
415 3255 458 3319 de
479 3255 671 3339 Keteringe,
692 3256 780 3320 faeta
800 3257 890 3338 prius
911 3256 1124 3337 inquisitione
1145 3277 1202 3332 per
1224 3255 1478 3332 R.,0fficta1em

219 3361 492 3445 Norhamptonie
507 3371 541 3424 et
559 3360 705 3424 Ranulso
720 3360 763 3424 de
780 3361 808 3423 F
809 3360 938 3424 errariis
953 3361 1073 3436 eidem,
1087 3381 1129 3424 eo
1143 3361 1234 3442 quod
1250 3360 1340 3424 aliud
1357 3361 1481 3443 recepit

217 3463 419 3528 beneficium
454 3466 505 3527 cui
537 3485 615 3527 cura
646 3465 831 3527 animarum
863 3484 1006 3540 annexa,
1037 3464 1231 3528 litteratorie
1261 3465 1481 3539 renuntiante,

218 3589 281 3653 per
308 3589 373 3651 que
400 3569 572 3651 negotium
597 3578 668 3631 erat
693 3569 724 3630 in
751 3567 922 3648 expeditu,
945 3568 986 3631 ad
1010 3568 1153 3632 eandem
1177 3568 1342 3631 admissus
1364 3581 1425 3646 est,
1447 3579 1482 3634 et

218 3675 254 3735 in
275 3693 316 3735 ea
336 3673 496 3735 canonice
517 3692 658 3754 persona
679 3669 871 3748 institutus;
891 3671 984 3733 salva
1000 3671 1158 3736 Sacristie
1177 3671 1219 3734 de
1240 3672 1352 3754 Burgo
1367 3672 1481 3735 debita

217 3786 256 3840 et
279 3775 420 3857 antiqua
443 3775 604 3857 pensione
622 3775 665 3838 de
688 3775 814 3838 eadem.
861 3773 907 3836 Et
931 3774 1127 3837 mandatum
1150 3784 1202 3837 est
1224 3774 1315 3838 dicto
1338 3774 1480 3838 Officiali

220 3889 260 3943 ut
277 3881 387 3962 ipsum
404 3879 437 3941 in
455 3879 659 3960 corporalem
677 3879 779 3961 ipsius
795 3878 933 3942 ecclesie
949 3879 1191 3960 possessionem
1208 3879 1351 3942 inducat.

788 4120 919 4132 -ιη

220 4288 370 4359 [Nicholas
386 4289 421 4341 de
442 4289 545 4350 Grave,
566 4289 733 4350 neb-deucere,
750 4287 900 4356 presented
916 4291 950 4354 br
971 4288 1017 4341 the
1034 4304 1111 4341 same
1127 4288 1217 4341 Abdot
1231 4288 1292 4340 and
1310 4288 1439 4351 Cotevent,
1459 4292 1485 4343 ts

289 4369 435 4423 instituted
443 4376 471 4423 to
482 4370 528 4424 the
538 4371 639 4424 churcte
651 4372 688 4439 of
702 4371 828 4433 Teitwell,
842 4371 987 4439 Rntland]

314 4505 766 4589 humata-Magister
804 4507 987 4569 Nicholaus
1024 4506 1066 4569 de
1104 4507 1224 4582 Grava,
1253 4507 1486 4585 subdiaconus,

225 4618 438 4692 presentatus
461 4630 520 4692 per
536 4609 707 4673 Abbatem
729 4621 762 4673 et
786 4619 987 4672 conuentum
1009 4620 1047 4672 ut
1069 4630 1169 4692 supra
1190 4610 1232 4672 ad
1254 4611 1426 4673 ecclesiam
1443 4611 1486 4675 de

225 4713 429 4796 Tynewelle,
452 4713 541 4776 sacta
564 4713 657 4802 prius
682 4713 896 4795 inquisitione
921 4735 980 4797 per
1006 4714 1055 4791 R,
1081 4712 1268 4779 Officialem
1298 4713 1486 4798 Norhamp-

226 4819 328 4895 tonie,
344 4837 529 4900 perquam,
545 4827 616 4893 etc,
632 4816 675 4880 ad
691 4818 834 4882 eandem
854 4818 1020 4882 admissus
1039 4828 1099 4894 est,
1114 4826 1175 4881 etc.
1223 4817 1268 4880 Et
1289 4817 1486 4882 mandatum

226 4934 280 4988 est
296 4923 387 4987 dicto
404 4920 547 4987 Officiali
566 4933 611 4999 ut,
626 4932 687 4985 etc.

1379 5045 1422 5084 ca
