3609 5642
602 551 781 649 Episcopi
802 551 1085 626 Lz'ncolnz'enszs.
1404 560 1471 646 169

215 791 406 868 Grendone,
419 791 507 854 iacta
522 791 612 874 prius
629 793 843 874 inquisitione
859 813 919 875 per
933 791 1266 874 J.,Archidiaconum
1284 792 1474 876 Norhamp-

213 896 314 972 tonie,
329 906 363 958 et
381 896 520 977 receptis
536 895 654 959 litteris
668 896 796 958 domini
815 897 918 978 Regis
930 896 1179 960 continentibus
1191 896 1281 978 quod
1293 896 1474 978 Johannes,

214 997 337 1062 Comes
374 998 601 1074 Huntedonie,
634 999 667 1061 in
702 1001 792 1062 curia
823 1020 883 1062 sua
919 1021 1031 1062 coram
1061 999 1253 1080 justiciariis
1284 1001 1352 1062 suis
1385 1000 1475 1083 apud

214 1100 551 1164 westmonasterium
573 1103 778 1184 recuperavit
799 1103 955 1165 seisinam
980 1123 1074 1165 suam
1099 1125 1213 1166 versus
1237 1104 1409 1167 Abbatem
1432 1104 1476 1169 de

213 1203 445 1269 Geddeworde
474 1205 517 1269 de
547 1204 767 1269 advocatione
799 1207 938 1270 ecclesie
968 1206 1011 1270 de
1042 1207 1223 1272 Grendone
1252 1229 1311 1290 per
1334 1209 1474 1272 assisam

212 1311 331 1373 ultime
355 1311 611 1393 presentationis
635 1312 679 1374 ibi
706 1312 783 1376 inde
808 1314 893 1376 inter
915 1334 973 1376 eos
997 1323 1141 1395 captam,
1165 1335 1224 1396 per
1246 1334 1320 1396 que,
1340 1323 1411 1390 etc,
1432 1313 1475 1377 ad

211 1415 355 1479 eandem
380 1415 544 1478 admissus
567 1425 626 1492 est,
646 1427 707 1479 etc.
755 1417 801 1480 Et
821 1416 1007 1498 injunctum
1027 1428 1079 1481 est
1098 1417 1207 1481 eidem
1229 1416 1476 1481 Archidiacono

213 1518 359 1600 presenti
376 1528 421 1596 ut,
436 1529 498 1582 etc.

212 1763 322 1832 [Roger
337 1765 371 1818 de
394 1765 558 1829 Weseltame,
571 1765 679 1830 deaeon,
692 1767 838 1834 presented
846 1767 879 1836 by
889 1768 936 1820 the
951 1767 1038 1820 Pn'or
1052 1766 1113 1820 and
1129 1767 1256 1821 Conveni
1269 1767 1305 1835 of
1317 1767 1470 1835 Baetem,

275 1848 301 1900 is
311 1847 461 1901 instituted
468 1853 497 1901 to
507 1849 553 1901 tlte
564 1848 665 1903 cleurcle
676 1850 712 1917 os
723 1849 895 1918 Walgrave]

300 1958 793 2044 WALDEGRAVE.—Magister
823 1962 976 2044 Rogerus
1002 1961 1045 2024 de
1072 1961 1281 2038 Wesehame,
1305 1960 1476 2036 diaconus,

212 2072 422 2146 presentatus
445 2084 505 2145 per
526 2063 671 2126 Priorem
692 2076 726 2128 et
746 2075 949 2128 conventum
971 2064 1013 2128 de
1035 2065 1220 2128 Daventria
1239 2064 1283 2128 ad
1299 2064 1474 2128 ecclesiam

211 2165 254 2229 de
270 2165 502 2249 Waldegrave,
518 2167 605 2230 sacta
622 2169 712 2251 prius
729 2169 944 2251 inquisitione
960 2190 1020 2251 per
1034 2169 1072 2250 J.,
1087 2168 1371 2237 Archidiaconum
1390 2167 1475 2230 Nor·

211 2270 416 2352 hamptonie,
441 2292 499 2353 per
525 2292 636 2354 quam,
651 2282 722 2348 etc,
745 2271 788 2334 ad
812 2272 954 2335 eandem
978 2272 1143 2335 admissus
1166 2282 1226 2348 est,
1249 2281 1310 2335 etc.
1357 2271 1403 2334 Et
1426 2271 1475 2333 in-

209 2371 363 2454 junctum
380 2383 431 2437 est
447 2374 538 2438 dicto
555 2375 802 2438 Archidiacono
818 2386 863 2452 ut,
879 2386 940 2439 etc.

212 2683 351 2750 [Peterde
362 2684 539 2752 Bramptone,
552 2685 690 2752 etraplae'n,
698 2687 848 2754 presented
856 2687 889 2754 by
900 2687 946 2739 the
956 2687 1046 2740 Abbot
1054 2686 1116 2739 aud
1134 2687 1261 2740 Convent
1275 2685 1311 2753 os
1326 2685 1475 2754 Croyland.

275 2767 300 2818 is
310 2767 458 2820 instetuted
467 2766 548 2820 vetar
557 2769 593 2836 os
604 2767 874 2836 Welle‘ngborougk.]

298 2877 738 2942 WENDLIBURE.—Petrus
754 2879 797 2942 de
816 2881 1029 2963 Bramptone,
1044 2879 1246 2963 capellanus,
1260 2887 1472 2961 presentatus

212 3001 269 3063 per
298 2981 468 3045 Abbatem
493 2993 527 3047 et
554 2993 756 3046 conventum
785 2983 987 3065 Croylandie
1014 2983 1057 3047 ad
1085 2993 1282 3066 perpetuam
1312 2983 1470 3045 vicariam

211 3086 349 3149 ecclesie
369 3085 412 3149 de
436 3086 713 3170 Wendlingburg,
737 3087 824 3151 sacta
847 3089 939 3171 prius
963 3087 1179 3169 inquisitione
1202 3107 1261 3169 per
1286 3087 1327 3168 J.,
1353 3087 1472 3150 Archi-

210 3189 389 3253 diaconum
410 3187 687 3273 Norhamptonie‚
706 3212 766 3274 per
788 3212 899 3274 quam,
918 3201 989 3267 etc,
1009 3190 1052 3254 ad
1068 3190 1210 3254 eandem
1228 3190 1395 3253 admissus
1413 3201 1474 3267 est,

210 3301 280 3369 etc,
307 3314 383 3356 cum
414 3314 514 3357 onere
544 3307 577 3357 et
609 3314 695 3377 pena
726 3295 931 3358 vicariorum.
979 3295 1024 3358 Et
1057 3294 1254 3358 mandatum
1281 3303 1332 3357 est
1361 3293 1472 3358 eidem

212 3396 459 3460 Archidiacono
475 3407 521 3474 ut,
536 3409 596 3461 etc.
643 3397 805 3462 Consistit
822 3399 945 3462 vicaria
960 3408 997 3462 ut
1013 3419 1122 3481 supra.

211 3706 322 3776 [Robert
336 3707 371 3759 de
391 3707 604 3775 Norhamptone‚
626 3709 763 3777 chaplaim
777 3709 926 3777 presented
944 3710 977 3776 by
999 3709 1045 3762 tlte
1063 3709 1150 3763 Pn'er
1165 3708 1226 3760 and
1244 3709 1371 3761 Conveni
1382 3709 1418 3774 os
1432 3709 1472 3762 St.

272 3788 428 3849 Auernus.
440 3789 652 3857 Neethampton‚
664 3793 689 3842 is
700 3792 846 3844 imtr'tuted
854 3793 935 3844 vicar
943 3793 979 3859 of
985 3791 1146 3859 Sulgrave]

297 3899 747 3966 Sotncnnvn-Robertus
763 3903 805 3966 de
824 3903 1088 3985 Norhamptone‚
1103 3901 1306 3984 capellanus,
1321 3911 1472 3984 present·

212 4012 284 4064 atus
309 4023 367 4085 per
390 4004 535 4067 Priorem
555 4014 590 4068 et
609 4017 810 4069 conventum
837 4006 952 4071 Sancti
975 4005 1112 4069 Andree
1136 4005 1406 4087 Norhamptonie
1428 4004 1471 4068 ad

212 4118 407 4190 perpetuam
423 4109 580 4172 vicariam
602 4109 740 4173 ecclesie
759 4110 802 4174 de
824 4110 1014 4192 Sulegrave
1037 4110 1125 4173 facta
1145 4111 1236 4193 prius
1257 4110 1472 4192 inquisitione

212 4231 268 4292 per
289 4211 328 4293 J.,
351 4211 632 4275 Archidiaconum
658 4215 934 4297 Norhamptonie,
957 4235 1149 4297 perquam,
1172 4223 1243 4291 ete,
1262 4212 1304 4276 ad
1328 4213 1470 4277 eandem

211 4315 375 4379 admissus
397 4327 457 4392 est,
476 4326 547 4392 etc,
566 4338 642 4380 cum
662 4339 762 4381 onere
785 4328 819 4381 et
842 4339 929 4401 pena
951 4318 1158 4381 vicariorum.
1204 4318 1250 4381 Et
1273 4317 1470 4380 mandatum

211 4429 261 4483 est
275 4419 385 4482 eidem
403 4419 651 4483 Archidiacono
667 4431 712 4497 ut,
727 4431 788 4484 etc.

209 4695 336 4763 [Jordan.
349 4698 488 4848 eppesteim
495 4700 645 4767 presmted
657 4701 690 4768 by
701 4701 746 4753 tlte
757 4701 883 4753 Pn'mss
899 4699 960 4752 ond
971 4701 1096 4754 Convent
1110 4701 1146 4768 os
1154 4699 1272 4767 Cutem,
1283 4701 1308 4752 is
1324 4699 1473 4753 instituted

276 4781 358 4833 vicar
367 4797 384 4832 0
413 4781 542 4850 Catesby]

297 4890 668 4974 CATEBv.-Jordanus
688 4894 825 4977 [blank]‚
841 4894 1042 4976 capellanus
1063 4905 1271 4976 presentatus
1288 4914 1347 4975 per
1364 4892 1469 4955 Prior-

216 4994 314 5057 issam
330 5004 365 5058 et
382 5009 583 5061 conventum
599 4998 642 5062 de
658 4999 803 5082 Catteby
819 5000 861 5063 ad
878 5009 1075 5082 perpetuam
1095 4999 1251 5061 vicariam
1272 4997 1411 5062 ecclesie
1426 4997 1469 5060 de
