3609 5642
335 567 402 634 116
681 562 817 636 Rutuli
834 559 1008 658 Hugonz's
1032 562 1077 635 de
1102 561 1234 636 Welles

327 811 398 880 etc,
414 802 579 866 admissus
600 812 652 866 est
674 812 708 867 et
731 803 764 865 in
787 823 827 866 ea
849 824 926 867 cum
950 822 1050 866 onere
1073 811 1107 866 et
1130 822 1217 885 pena
1232 803 1429 866 vicariorum
1444 803 1587 866 vicarius

328 916 507 988 perpetuus
523 907 714 984 institutus;
737 907 784 970 ita
800 915 913 970 tamen
929 905 1019 988 quod
1037 926 1095 989 per
1109 906 1199 969 illam
1221 906 1464 970 institutionem
1485 906 1586 970 nichil

325 1008 407 1089 juris
423 1009 595 1073 monachis
610 1010 653 1074 de
669 1011 777 1074 Becco
792 1020 919 1075 crescat
934 1009 985 1074 vel
1001 1008 1171 1073 decrescat
1186 1009 1219 1072 in
1235 1009 1375 1073 ecclesia
1394 1022 1587 1074 memorata

329 1111 490 1176 Consistit
524 1125 635 1177 autem
670 1115 742 1196 ipsa
776 1115 897 1177 vicaria
931 1114 965 1176 in
999 1122 1072 1176 toto
1105 1113 1267 1197 altaragio
1301 1125 1410 1197 preter
1439 1115 1585 1197 primum

327 1215 474 1298 legatum
498 1227 532 1281 et
559 1219 592 1280 in
615 1218 753 1282 decimis
778 1218 956 1300 garbarum
983 1216 1161 1283 duodecim
1188 1219 1390 1301 virgatarum
1421 1228 1530 1295 terre;
1552 1227 1586 1281 et

327 1321 524 1385 auctoritate
546 1321 674 1385 domini
701 1322 753 1399 H,
777 1321 1021 1384 Lincolniensis
1045 1321 1204 1404 Episcopi
1227 1322 1364 1385 secundi
1384 1321 1455 1402 jam
1478 1321 1585 1384 tribus

327 1425 423 1486 annis
437 1423 559 1507 elapsis
581 1424 642 1489 fuit
657 1425 818 1488 ordinata.
866 1426 912 1488 Et
933 1423 1120 1506 injunctum
1144 1424 1192 1502 R,
1209 1424 1352 1489 Officiali
1368 1425 1449 1488 dicti
1466 1424 1586 1487 Archi-

327 1527 458 1590 diaconi
476 1537 521 1606 ut,
536 1537 597 1591 etc.

897 1649 1021 1663 —

323 1797 429 1866 [Hugh
439 1797 474 1850 dc
483 1797 653 1860 Maidewell,
668 1797 837 1859 snb-deacon,
854 1799 879 1851 is
894 1799 1040 1851 instituted
1054 1804 1082 1851 to
1098 1798 1144 1850 the
1159 1797 1259 1851 cnurcn
1271 1799 1307 1866 of
1313 1799 1470 1873 Maidwell,
1487 1815 1524 1852 on
1541 1799 1588 1852 tiu

385 1880 575 1947 presentanim
593 1880 629 1948 os
643 1880 721 1932 Alan
736 1881 771 1933 de
788 1880 959 1934 Maidewell.
998 1881 1025 1934 T
1021 1881 1056 1933 ire
1069 1881 1169 1949 cnapel
1181 1881 1218 1949 of
1226 1880 1384 1944 Kelmarsn,
1400 1881 1528 1935 retained
1533 1882 1590 1949 sor

390 1977 408 2013 α
419 1963 483 2014 time
494 1963 525 2014 in
536 1963 581 2016 the
591 1963 683 2015 nands
693 1963 729 2032 of
735 1962 780 2016 tlte
791 1962 905 2030 Bishop,
919 1965 944 2014 is
953 1963 1148 2065 subseqnenth
1153 1963 1279 2032 granted
1286 1969 1315 2016 to
1326 1964 1386 2017 him
1398 1981 1431 2016 as
1441 1963 1530 2030 well]

414 2089 769 2173 MEYDELL’.-Hugo
784 2089 827 2154 de
845 2090 1051 2168 Maidewell',
1061 2090 1294 2168 subdiaconus,
1305 2101 1515 2173 presentatus
1527 2113 1587 2176 per

326 2193 473 2256 Alanum
490 2193 533 2257 de
557 2193 764 2270 Maidewell’,
780 2195 930 2271 militem,
945 2195 988 2258 ad
1008 2195 1182 2260 ecclesiam
1206 2195 1250 2259 de
1274 2195 1481 2274 Maidewell‘,
1497 2197 1587 2260 sacta

323 2299 413 2380 prius
436 2298 650 2379 inquisitione
666 2318 724 2379 per
740 2299 788 2374 R,
804 2297 1087 2362 Archidiaconum
1109 2299 1140 2361 N
1143 2299 1385 2382 orhamptonie,
1401 2321 1586 2382 perquam,

323 2410 394 2478 etc,
406 2401 571 2464 admissus
586 2411 637 2465 est
659 2421 735 2464 cum
760 2402 967 2483 pertinentiis
982 2410 1017 2465 et
1039 2403 1073 2464 in
1088 2423 1129 2466 ea
1151 2402 1311 2466 canonice
1333 2423 1476 2485 persona
1491 2405 1585 2468 insti-

323 2514 437 2581 tutus;
460 2505 507 2567 ita
533 2513 645 2567 tamen
676 2503 766 2587 quod
797 2503 950 2587 cappella
975 2505 1017 2568 de
1043 2504 1216 2569 Keimerse
1244 2517 1393 2571 remanet
1420 2509 1454 2570 in
1482 2528 1583 2571 manu

323 2608 449 2671 domini
490 2607 648 2691 Episcopi
686 2608 793 2672 donec
830 2607 1016 2672 discussum
1047 2610 1091 2672 sit
1128 2611 1170 2674 ad
1201 2630 1301 2692 quem
1337 2611 1501 2693 pertineat
1529 2613 1585 2694 jus

324 2721 519 2793 patronatus
549 2711 708 2793 ejusdem.
755 2712 801 2776 Et
825 2712 1012 2794 injunctum
1037 2722 1088 2776 est
1115 2712 1261 2776 Radulfo
1283 2712 1426 2777 Officiaii
1454 2725 1499 2792 ut,
1522 2726 1584 2779 etc.

326 2814 427 2878 Dicta
450 2825 560 2878 autem
590 2815 750 2899 cappella,
774 2826 953 2898 postquam
979 2817 1088 2880 dictus
1113 2816 1153 2879 A.
1181 2838 1255 2880 eam
1281 2817 1429 2880 incuria
1454 2817 1584 2882 domini

325 2918 427 3001 Regis
442 2919 594 2996 evicerat,
609 2918 701 2982 dicto
719 2918 857 3001 Hugoni
874 2940 1014 3002 persone
1037 2920 1080 2983 de
1097 2919 1284 2984 Maidewell
1302 2942 1361 3003 per
1377 2921 1583 3004 Episcopum

323 3032 374 3086 est
390 3023 542 3086 restituta
556 3044 563 3100 ;
586 3033 620 3086 et
637 3022 832 3088 mandatum
849 3034 900 3087 est
918 3025 1165 3088 Archidiacono
1182 3025 1449 3108 Norhamptonie
1462 3035 1506 3102 ut,
1521 3036 1583 3090 etc.

322 3400 415 3468 [John
427 3400 460 3452 de
475 3400 682 3464 Tnnmmston',
696 3400 862 3464 saed-deacnn,
875 3401 901 3453 is
916 3400 1062 3453 imtituted
1071 3406 1099 3453 to
1115 3402 1161 3455 the
1171 3403 1272 3456 chrnch
1288 3403 1324 3471 of
1334 3402 1474 3466 Warkton,
1485 3419 1522 3456 on
1538 3404 1585 3458 the

381 3484 569 3550 presentation
582 3483 618 3550 os
624 3483 670 3536 tae
680 3482 769 3536 Abbot
777 3483 813 3551 of
824 3483 904 3550 Bury
914 3481 954 3535 St.
964 3482 1143 3551 Edmnnds.]

410 3610 869 3692 WERKETON'.—Johannes
892 3609 935 3674 de
965 3610 1229 3690 Thummeston’,
1254 3612 1486 3692 subdiaconus,
1510 3635 1583 3697 pre-

322 3724 471 3778 sentatus
509 3735 568 3797 per
606 3715 776 3779 Abbatem
814 3716 856 3779 de
887 3715 1014 3780 Sancto
1045 3716 1228 3782 Edmundo
1258 3717 1300 3781 ad
1331 3719 1505 3782 ecclesiam
1539 3717 1583 3783 de

322 3819 524 3896 Werketon’,
540 3818 627 3884 iacta
643 3821 733 3902 prius
757 3820 970 3901 inquisitione
987 3842 1045 3904 per
1069 3822 1117 3898 R,
1133 3821 1319 3886 Officialem
1344 3822 1583 3887 Archidiaconi

324 3922 598 4005 Norhamptonie,
629 3944 687 4006 per
717 3943 828 4006 quam,
857 3933 928 4002 etc,
959 3925 1123 3989 admissus
1154 3937 1205 3991 est
1231 3936 1265 3989 et
1295 3928 1393 3990 inea
1422 3929 1582 3991 canonice

323 4046 464 4108 persona
480 4027 658 4091 institutus.
706 4028 751 4093 Et
775 4027 971 4092 mandatum
995 4039 1045 4093 est
1062 4030 1111 4108 R,
1127 4030 1375 4095 Archidiacono
1392 4031 1581 4115 Norhamp-

323 4131 415 4194 tonie
431 4140 476 4208 ut,
491 4140 552 4194 etc.

323 4420 430 4486 [Adam
441 4420 475 4473 de
485 4421 585 4486 Esseb’,
598 4422 677 4487 clerk,
690 4439 726 4476 on
733 4423 778 4476 the
783 4424 972 4490 presentatton
983 4424 1019 4492 os
1025 4423 1071 4477 tlte
1082 4424 1188 4493 Bolinp
1199 4427 1234 4494 of
1240 4427 1389 4495 Saltibury,
1403 4427 1428 4480 is
1439 4428 1585 4482 instituted

387 4507 414 4556 to
441 4504 487 4557 tire
511 4503 609 4557 chnrclr
633 4505 669 4573 os
687 4505 849 4560 Bn'nwonh
878 4503 966 4568 (=tne
985 4507 1110 4575 pretend
1134 4508 1170 4576 of
1190 4508 1353 4562 Brixworth
1381 4512 1412 4561 in
1440 4510 1584 4579 Salisbuny

390 4584 572 4652 Cathedral).]

413 4695 940 4783 BRIKELESWORD’.—Magister
957 4699 1070 4763 Adam
1086 4699 1129 4764 de
1146 4700 1271 4778 Esseb',
1286 4701 1432 4778 clericus,
1448 4722 1581 4784 presen-

323 4807 413 4863 tatus
436 4819 494 4881 per
517 4800 690 4864 dominum
718 4803 923 4886 Episcopum
948 4802 1246 4869 Sanisburiensem
1270 4805 1313 4868 ad
1340 4805 1515 4869 ecclesiam
1538 4806 1582 4870 de

324 4901 587 4966 Brikelesworth'
610 4925 685 4968 cum
716 4907 924 4989 pertinentiis
947 4907 1129 4971 secundum
1152 4907 1428 4993 ord[inationem]
1451 4909 1580 4973 domini

324 5006 557 5070 Bathoniensis
587 5017 621 5071 et
658 5008 784 5073 domini
816 5010 1059 5075 Lincolniensis
1089 5021 1123 5076 et
1159 5010 1203 5078 de
1232 5031 1395 5076 consensu
1427 5010 1579 5096 ejusdem
