3609 5642
576 573 1056 670 Epzscopz'Lr'ncolm'ensz's.
1378 598 1450 667 249

273 811 345 875 Hec
359 815 548 896 prescripta
557 824 648 877 carta
658 814 853 897 dupplicata
863 823 930 891 est;
955 834 1021 877 una
1033 814 1156 879 residet
1167 835 1269 897 penes
1283 826 1452 897 patronos,

192 918 251 979 alia
266 937 342 980 vero
359 938 464 999 penes
486 916 687 1001 Magistrum
707 917 779 1001 [Κ]
794 918 837 981 de
853 917 1055 995 Wendoure,
1073 929 1235 983 rectorem
1254 920 1393 983 ecclesie
1408 919 1451 982 de

196 1019 315 1084 lerdele
331 1020 534 1103 supradicte.
1402 1020 1408 1031 '

189 1336 257 1405 [Tire
266 1337 425 1390 institution
436 1339 473 1406 of
488 1337 644 1390 Wamerto
663 1338 709 1390 tlte
720 1339 852 1406 ottoroge
864 1340 899 1406 os
913 1339 1022 1391 Duston
1031 1355 1046 1401 ,·
1064 1338 1137 1405 Juty
1149 1357 1172 1403 ᾳ,
1186 1356 1267 1415 '²3²2'
1283 1355 1326 1391 see
1332 1342 1364 1407 p.
1379 1344 1447 1406 ω]

273 1464 684 1528 DUSTONE.-Omnibus
706 1476 767 1529 etc.
813 1465 954 1529 Noverit
978 1466 1174 1552 universitas
1191 1476 1301 1528 vestra
1324 1486 1385 1528 nos
1409 1464 1452 1528 ad

189 1570 469 1650 presentationem
493 1568 690 1632 dilectorum
714 1567 867 1646 filiorum,
891 1569 1036 1633 Abbatis
1066 1580 1100 1633 et
1131 1580 1314 1633 conventus
1344 1571 1452 1633 sancti

188 1670 302 1751 Jacobi
320 1671 352 1733 N
355 1671 598 1754 orhamptonie,
614 1682 831 1754 patronorum
847 1674 986 1737 ecclesie
1002 1672 1045 1735 de
1066 1674 1226 1749 Dustone‚
1242 1672 1401 1737 dilectum
1419 1674 1452 1736 in

190 1773 321 1837 Christo
339 1773 444 1837 filium
463 1774 711 1858 Wam[erium],
721 1775 944 1859 capellanum,
960 1776 1002 1839 ad
1020 1777 1123 1858 ipsius
1139 1776 1279 1839 ecclesie
1295 1777 1452 1840 vicariam

189 1877 363 1941 admisisse
379 1878 557 1961 ipsumque
576 1880 609 1941 in
628 1900 669 1942 ea
689 1880 848 1942 canonice
865 1879 1022 1942 vicarium
1046 1890 1245 1962 perpetuum
1269 1881 1454 1944 instituisse

189 2002 262 2045 cum
290 2002 393 2045 onere
424 1982 636 2051 ministrandi
668 1984 887 2065 personaliter
918 1984 950 2045 in
982 1983 1110 2047 eadem.
1159 1984 1308 2047 Habebit
1339 1994 1452 2047 autem

189 2086 323 2149 nomine
353 2087 475 2149 vicarie
505 2107 564 2149 sue
594 2096 705 2149 totum
736 2087 935 2169 altaragium
967 2086 1009 2149 de
1042 2087 1196 2151 Dustone
1226 2108 1302 2150 cum
1335 2107 1453 2151 manso

188 2190 334 2263 ecclesie,
353 2188 525 2253 reddendo
542 2190 620 2253 inde
636 2189 735 2254 dictis
751 2190 901 2273 patronis
917 2190 985 2252 suis
1003 2210 1103 2253 unam
1121 2211 1267 2281 marcam
1285 2210 1431 2254 annuam
1445 2213 1452 2268 ;

190 2293 325 2356 habebit
351 2293 454 2356 etiam
481 2303 586 2355 totam
609 2294 771 2376 capellam
793 2294 891 2357 beate
917 2294 1105 2376 Margarete
1127 2315 1203 2357 cum
1226 2314 1353 2369 mans0,
1381 2293 1452 2357 red·

189 2396 300 2460 dendo
313 2396 399 2459 duas
415 2416 544 2458 marcas
560 2396 737 2460 antedictis
753 2398 903 2479 patronis
916 2398 1088 2460 annuatim
1100 2406 1134 2461 et
1144 2396 1281 2460 habebit
1295 2397 1452 2461 idoneum

189 2499 400 2583 capellanum
432 2501 562 2562 socium
595 2501 628 2562 in
659 2499 750 2565 dicta
779 2500 909 2583 capella
947 2502 1105 2564 continue
1135 2501 1380 2565 ministrantem
1420 2509 1454 2562 ct

190 2603 296 2666 solvet
311 2600 477 2664 sinodalia
493 2624 499 2678 ;
523 2604 623 2666 salvis
638 2614 699 2667 etc,
746 2603 847 2687 Quod
864 2615 901 2667 ut
922 2616 992 2680 etc,
1009 2604 1071 2667 hiis
1090 2605 1240 2681 testibus,
1258 2604 1395 2667 Warino
1411 2603 1454 2666 de

191 2707 379 2770 Kirketone
399 2716 432 2768 et
450 2705 599 2768 Roberto
621 2706 663 2769 de
681 2707 882 2783 Bollesoure,
899 2707 1089 2790 capellanis,
1113 2708 1283 2791 Magistris
1303 2707 1454 2770 Waltero

190 2810 231 2873 de
247 2809 482 2872 Werministre
504 2822 539 2871 et
564 2810 709 2873 Ricardo
725 2811 767 2873 de
785 2810 987 2887 Wendoure,
1005 2812 1055 2873 W.
1072 2811 1114 2874 dc
1134 2811 1399 2875 Winchecumbe
1420 2821 1455 2873 et

192 2912 230 2974 R.
242 2911 286 2975 de
302 2911 451 2987 Oxonia,
466 2914 635 2975 canonicis
653 2913 953 2989 LincolniensibuS,
968 2914 1138 2997 Magistris
1150 2914 1193 2977 Α.
1207 2914 1250 2978 de
1262 2913 1455 2988 Arundellc‚

190 3014 344 3095 Johanne
368 3014 412 3077 de
437 3014 628 3079 Krakehale
650 3028 684 3080 et
708 3018 788 3080 aliis.
835 3018 927 3081 Data
950 3038 1008 3101 per
1032 3038 1168 3081 manum
1195 3018 1233 3081 R.
1256 3018 1300 3081 de
1324 3018 1455 3080 Warra·

196 3118 280 3193 ville,
307 3120 460 3182 canonici
486 3119 739 3199 Lincolniensis,
759 3121 848 3204 apud
879 3121 1085 3205 Lidingtone
1103 3132 1223 3204 quarto
1251 3142 1356 3185 nonas
1377 3120 1454 3203 Julii

194 3222 413 3303 pontificatus
428 3223 533 3285 nostri
549 3244 639 3287 anno
655 3225 750 3287 xxiii.

194 3556 263 3623 [The
278 3557 439 3610 institution
455 3558 492 3625 os
503 3557 622 3625 Aylmer
639 3557 674 3610 rte
694 3557 721 3609 T
717 3558 910 3611 hacicwortlre
932 3564 958 3611 to
980 3559 1026 3612 tire
1049 3560 1181 3627 vicarage
1203 3560 1238 3626 os
1251 3558 1399 3618 Britwr'ct,·
1413 3574 1456 3611 sce

253 3640 283 3705 t·
296 3637 366 3706 1⁶5]

280 3766 708 3832 timemus-Omnibus
723 3778 784 3831 etc.
832 3768 973 3831 Noverit
989 3768 1186 3831 universitas
1203 3777 1312 3831 vestra
1331 3787 1391 3829 nos
1412 3766 1454 3829 ad

195 3871 475 3951 presentationem
495 3870 607 3934 dilecti
631 3871 689 3934 filii
713 3871 866 3954 Magistri
890 3872 1029 3935 Walteri
1046 3871 1088 3935 de
1111 3871 1300 3954 Cantilupo‚
1316 3891 1456 3953 persone

195 3973 330 4037 ecclesie
353 3972 396 4036 de
422 3972 596 4049 Bulewice,
619 3974 861 4039 interveniente
887 3976 1045 4038 Willelmi
1069 3975 1112 4038 de
1140 3975 1330 4057 Cantilup0,
1354 3974 1456 4057 ipsius

195 4078 332 4141 ecclesie
352 4078 493 4159 patroni,
509 4098 683 4152 consensu,
704 4078 863 4144 dilectum
885 4080 919 4141 in
940 4078 1073 4143 Christo
1094 4079 1197 4142 filium
1223 4078 1395 4143 Aimerum
1414 4078 1458 4141 de

195 4181 466 4258 Thacheworthe,
493 4184 714 4265 capellanum,
738 4184 780 4247 ad
808 4184 898 4247 dicte
928 4184 1066 4247 ecclesie
1093 4184 1250 4247 vicariam
1282 4182 1457 4246 admisisse

195 4288 370 4369 ipsumque
387 4286 419 4348 in
436 4307 476 4349 ea
491 4289 652 4351 canonice
668 4288 826 4351 vicarium
844 4300 1042 4371 perpetuum
1059 4288 1242 4351 instituisse
1258 4308 1334 4351 cum
1356 4307 1456 4350 onere

193 4389 403 4455 ministrandi
418 4391 638 4472 personaliter
653 4394 685 4454 in
702 4393 829 4456 eadem.
875 4392 1037 4456 Consistit
1060 4402 1172 4455 autem
1193 4393 1265 4474 ipsa
1281 4392 1404 4455 vicaria
1424 4390 1456 4453 in

195 4506 266 4560 toto
288 4495 453 4578 altaragio
482 4515 558 4559 cum
583 4496 739 4560 omnibus
768 4498 905 4560 minutis
928 4497 1066 4560 decimis
1089 4508 1124 4560 et
1147 4496 1300 4578 primitiis
1327 4506 1361 4559 et
1388 4505 1459 4558 tota

195 4600 324 4665 decima
350 4600 394 4663 de
420 4599 590 4662 dominico
617 4601 720 4683 ipsius
747 4601 885 4665 ecclesie
913 4613 947 4665 ct
973 4622 1049 4664 cum
1081 4611 1177 4684 prato
1204 4600 1294 4683 quod
1322 4608 1460 4662 vocatur

197 4715 325 4787 pratum
342 4701 482 4772 ecclesie
503 4703 546 4766 de
564 4704 716 4768 Bulewic'
734 4726 848 4769 versus
867 4705 1024 4767 Laxtone
1040 4706 1082 4767 ad
1096 4703 1301 4767 dominicum
1318 4702 1458 4766 ecclesie

197 4809 383 4890 pertinente
399 4816 434 4869 ct
454 4806 486 4868 in
509 4816 581 4870 tota
596 4807 728 4871 decima
751 4807 934 4871 molendini
948 4818 981 4871 et
997 4807 1128 4871 decima
1145 4807 1302 4890 pannagii
1320 4806 1457 4869 manerii

195 4913 237 4975 de
252 4911 409 4975 Bulewic’
424 4921 459 4974 et
475 4912 507 4974 in
526 4912 659 4975 duobus
676 4914 855 4995 mesuagiis
871 4914 943 4976 sitis
960 4933 1064 4995 prope
1076 4912 1258 4975 ecclesiam.
1309 4910 1458 4974 Habebit

198 5026 307 5080 autem
333 5014 476 5078 vicarius
499 5014 710 5097 capellanum
737 5016 894 5080 idoneum
924 5016 1051 5079 socium
1076 5016 1234 5079 continue
1266 5015 1299 5077 in
1330 5014 1459 5097 capella
