3609 5642
317 525 365 611 96
664 521 804 593 Rutuli
828 520 1006 616 Hugonis
1031 521 1075 594 de
1101 521 1234 594 Welles

318 761 513 824 Monasterii
541 760 746 825 Turonensis
772 771 806 825 et
835 761 952 826 Frater
978 761 1027 839 G,
1050 763 1267 845 permissione
1290 762 1404 826 divina
1428 762 1580 825 minister

315 864 449 927 humilis
465 865 659 941 eorundem,
675 864 817 928 salutem
838 866 871 928 in
888 866 1035 929 domino.
1083 866 1223 930 Noverit
1246 867 1444 929 universitas
1467 876 1579 929 vestra

314 967 405 1051 quod
422 988 483 1031 nos
500 969 664 1032 mittimus
679 968 820 1032 dilectos
836 979 870 1033 et
887 968 1001 1032 fideles
1018 970 1135 1033 fratres
1151 980 1283 1033 nostros
1300 970 1512 1053 Stephanum
1536 969 1579 1032 de

315 1071 469 1135 Eboraco
485 1083 519 1136 et
537 1072 736 1136 Mauricium
754 1073 796 1136 de
814 1072 981 1150 MalliacO,
998 1074 1126 1137 Priores
1150 1083 1282 1137 nostros
1307 1075 1340 1137 in
1366 1074 1501 1156 Anglia‚
1517 1093 1578 1156 pro

314 1176 456 1257 negotiis
471 1177 610 1240 ecclesie
629 1188 741 1240 nostre
764 1199 779 1239 s
803 1227 809 1240 .
836 1227 841 1240 .
865 1228 871 1240 .
896 1228 902 1240 .
927 1178 1143 1261 procurandis
1159 1189 1193 1242 et
1215 1200 1275 1261 pro
1291 1179 1449 1242 omnibus
1465 1177 1574 1241 causis

312 1300 395 1361 quas
425 1279 588 1345 habemus
618 1282 652 1344 in
677 1281 811 1362 Anglia,
836 1283 936 1346 motis
966 1292 1001 1346 et
1033 1283 1216 1357 movendis,
1239 1293 1273 1346 et
1296 1283 1486 1366 specialiter
1516 1305 1577 1366 pro

313 1384 458 1465 prioratu
479 1395 594 1447 nostro
616 1384 659 1448 de
685 1385 847 1468 Neuport,
869 1386 1053 1468 plenariam
1079 1396 1280 1470 potestatem
1304 1387 1433 1450 eisdem
1457 1407 1575 1451 conce-

312 1485 449 1550 dentes,
473 1537 479 1550 .
504 1538 509 1550 .
534 1538 540 1551 .
558 1489 590 1551 in
607 1489 764 1552 omnibus
780 1491 889 1552 causis
902 1490 1002 1552 motis
1018 1499 1052 1553 et
1069 1490 1252 1567 movendis,
1265 1490 1424 1573 quicquid
1438 1491 1576 1573 egerint,

312 1588 484 1672 litigando,
500 1593 738 1675 compariendo
754 1614 812 1656 seu
828 1593 895 1656 alio
911 1593 1013 1656 modo
1028 1603 1137 1657 ratum
1153 1604 1187 1658 et
1202 1605 1335 1676 gratum
1354 1595 1526 1668 habentes,
1540 1603 1575 1655 et

298 1690 372 1777 ‘pro
387 1696 434 1758 eis
450 1697 534 1760 solvi
551 1698 775 1780 permittimus
797 1697 994 1779 judicatum,
1009 1709 1044 1762 et
1066 1699 1129 1762 hoc
1153 1749 1313 1764 ......
1338 1699 1495 1762 omnibus
1518 1697 1575 1778 qui

311 1819 347 1862 se
371 1810 609 1882 opposuerunt,
633 1802 683 1864 vel
707 1801 828 1883 quibus
855 1802 1015 1865 duximus
1043 1823 1104 1865 nos
1130 1804 1351 1885 opponendos
1377 1824 1436 1886 per
1462 1801 1576 1864 literas

311 1911 442 1966 nostras
472 1913 627 1985 patentes
663 1903 897 1986 significamus
945 1906 1072 1969 Datum
1108 1906 1141 1969 in
1177 1908 1324 1970 crastino
1364 1906 1439 1970 festi
1478 1905 1574 1968 Beati

312 2006 448 2069 Martini
481 2007 639 2070 Estivalis
669 2028 759 2070 anno
789 2009 895 2090 gratie
933 2008 1110 2072 millesimo
1140 2008 1374 2074 ducentesimo
1406 2010 1575 2073 tricesimo

314 2110 420 2174 tertio

310 2366 426 2434 [Letters
444 2367 481 2435 of
493 2367 694 2428 Presentaeztim
714 2366 804 2435 bytlu
821 2367 949 2420 Proclm
964 2368 1000 2435 os
1014 2368 1059 2421 llic
1074 2369 1155 2437 abbey
1171 2371 1207 2438 os
1219 2369 1416 2432 Mamontier,
1427 2372 1464 2439 os
1477 2371 1579 2426 noum

376 2447 513 2502 Hamelin
525 2448 608 2501 tolle
619 2448 928 2518 PnbryofNewpm]
1327 2484 1334 2497 .

398 2592 594 2656 Venerabili
612 2593 643 2656 in
670 2592 803 2657 Christo
827 2594 927 2670 Patri,
944 2593 1093 2657 Domino
1119 2595 1267 2678 Hugoni‚
1283 2597 1337 2661 dei
1361 2599 1471 2681 gratia
1495 2599 1575 2662 Lin-

309 2694 470 2759 colniensi
489 2697 669 2780 Episcopo,
685 2696 798 2760 devoti
815 2698 874 2773 sui,
891 2697 933 2773 S.,
951 2697 1075 2762 Sancte
1090 2699 1267 2764 Trinitatis
1291 2701 1525 2779 EboracensiS,
1539 2713 1575 2766 et

311 2799 356 2861 M.
372 2799 415 2862 de
435 2799 603 2875 Malliaco‚
620 2800 758 2875 Priores
775 2799 921 2863 Abbatis
944 2810 979 2863 et
1000 2811 1186 2865 conventus
1212 2803 1351 2885 Majoris
1377 2805 1574 2869 Monasterii

309 2911 549 2984 procuratores,
565 2900 716 2978 salutem,
732 2912 766 2965 et
781 2902 948 2979 devotam,
964 2924 1041 2967 cum
1057 2904 1171 2968 debita
1188 2906 1407 2987 subjectione,
1423 2929 1573 2972 reveren-

309 3004 399 3066 tiam.
447 3003 501 3066 Ex
527 3055 533 3066 .
557 3053 564 3066 .
591 3054 598 3067 .
623 3003 767 3067 Abbatis
794 3016 827 3069 et
851 3016 1035 3070 conventus
1061 3007 1200 3089 Majoris
1225 3009 1423 3074 Monasterii
1448 3013 1574 3078 Sancte

310 3108 335 3169 P
360 3108 381 3188 (.
405 3157 441 3170 ..
473 3107 577 3189 cati?)
614 3118 749 3190 present
782 3159 788 3172 .
823 3159 829 3172 .
863 3160 868 3172 .
902 3159 908 3172 .
943 3110 1100 3174 Hamelin
1128 3114 1412 3178 commonachum
1441 3126 1573 3199 patrem

307 3210 350 3273 ad
368 3211 550 3292 prioratum
574 3210 617 3273 de
641 3210 822 3293 Neuporte‚
839 3222 1014 3276 vacantem
1040 3235 1097 3296 per
1122 3215 1382 3297 resignationem
1407 3219 1573 3301 Johannis

307 3314 350 3377 de
374 3313 481 3378 Colna
505 3314 627 3377 factam
651 3325 685 3378 et
708 3314 888 3378 admissam
913 3337 972 3398 per
989 3316 1271 3382 Archidiaconum
1298 3321 1571 3389 Lincolniensem

306 3467 312 3480 .
337 3467 343 3480 .
368 3467 374 3480 .
398 3467 404 3479 .
429 3426 575 3479 vestrum
599 3416 641 3481 de
662 3427 773 3480 vestro
797 3419 932 3500 speciali
957 3420 1125 3496 mandato,
1149 3423 1379 3505 supplicantes
1404 3425 1574 3491 humiliter

306 3540 345 3582 ac
372 3519 493 3582 devote
519 3519 676 3601 quatinus
703 3541 762 3582 vos
789 3522 875 3584 circa
903 3542 1080 3604 personam
1106 3524 1210 3606 ipsius
1238 3526 1328 3607 quod
1357 3528 1399 3591 ad
1422 3541 1571 3593 vestrum

308 3633 440 3706 spectat
455 3622 566 3686 officio
581 3644 625 3686 ex
650 3673 779 3686 .....
826 3623 957 3688 Valete.

307 3899 375 3983 [On
391 3899 526 3980 thesace
541 3904 575 3980 oJ‘
588 3899 641 3962 the
657 3899 721 3962 roll
730 3899 800 3983 :-]

451 4062 915 4127 unumunurn-Annus
938 4062 1116 4145 Quiurus
1140 4079 1188 4127 ss
1211 4066 1430 4137 Vicasmus.

306 4219 473 4290 [Jeremioh.
485 4219 622 4286 claplae'rr,
635 4235 671 4271 on
681 4219 727 4271 tlte
734 4221 923 4286 presentarion
933 4220 969 4287 os
975 4220 1076 4273 Robert
1084 4221 1118 4274 de
1131 4221 1283 4286 Chetwode,
1296 4225 1322 4276 is
1332 4227 1480 4281 instr'tuted
1487 4236 1515 4283 to
1527 4232 1573 4284 the

373 4301 474 4355 churclr
486 4300 523 4367 os
528 4301 568 4354 St.
583 4301 701 4364 Mardin,
717 4300 883 4366 Chetwode]

396 4444 864 4527 CHETwouu.-Jheremias,
874 4444 1074 4528 capellanus,
1088 4458 1297 4528 presentatus
1310 4472 1369 4534 per
1383 4453 1570 4522 Robertum

307 4551 350 4614 de
366 4549 549 4614 Chetwode
565 4548 608 4612 ad
626 4548 799 4612 ecclesiam
819 4550 913 4613 Beati
932 4549 1067 4613 Martini
1091 4550 1134 4612 de
1157 4551 1348 4632 Chetwode,
1366 4556 1455 4622 facta
1479 4562 1572 4643 prius

307 4654 522 4736 inquisitione
546 4674 605 4736 per
630 4653 684 4728 M,
702 4653 985 4716 Arclridiaconum
1011 4653 1362 4736 Bukinghamiensem,
1385 4681 1571 4745 perquam

307 4759 479 4838 negotium
506 4756 567 4818 suit
595 4757 628 4818 in
654 4755 824 4838 expedit0,
851 4757 893 4819 ad
918 4757 1060 4820 eandem
1089 4758 1254 4820 admissus
1278 4770 1339 4837 est,
1364 4782 1441 4826 cum
1469 4787 1572 4832 onere

308 4857 518 4924 ministrandi
550 4858 768 4940 personaliter
805 4859 838 4920 in
876 4858 1003 4922 eadem.
1051 4859 1096 4922 Et
1135 4860 1331 4925 mandatum
1369 4876 1422 4930 est
1458 4869 1569 4933 eidem

310 4962 558 5028 Archidiacono
576 4971 620 5037 ut,
635 4970 695 5024 etc.
