3609 5642
576 564 755 660 Episcopi
776 564 1059 637 Lz'ncolnz‘enszlr.
1381 588 1446 656 193

190 801 258 866 [The
273 802 433 853 titsn'tution
444 802 480 870 of
496 800 622 854 William
639 800 771 853 Blnndm
787 805 815 852 to
831 799 876 852 tlte
892 799 993 853 church
1009 800 1046 867 os
1057 800 1223 868 Sibbertoft;
1240 801 1314 869 Aug.
1328 805 1352 859 8,
1365 818 1449 863 1221,-

252 887 336 950 περ.
348 886 418 949 104]

276 1012 696 1085 &numum—Omnibus
725 1022 787 1076 etc.
845 1011 985 1075 Noverit
1016 1013 1213 1075 universitas
1245 1022 1354 1075 vestra
1385 1033 1446 1074 nos

190 1116 387 1180 auctoritate
425 1117 564 1180 Concilii
595 1116 719 1179 dilecto
750 1116 782 1178 in
815 1115 949 1179 Christo
980 1115 1049 1177 filio
1082 1115 1245 1198 Magistro
1276 1116 1446 1179 Willelmn

191 1218 323 1281 Blundo
338 1218 382 1283 de
398 1220 574 1282 Lincolnia
589 1216 763 1283 ecclesiam
784 1219 828 1282 de
848 1218 995 1284 Sibetost
1015 1219 1196 1282 contulisse
1217 1220 1394 1302 ipsumque
1415 1222 1445 1282 in

189 1342 227 1385 ea
250 1324 411 1386 canonice
431 1343 608 1405 personam
628 1324 819 1398 instituisse,
839 1324 933 1385 salvo
955 1324 987 1385 in
1011 1334 1181 1405 posterum
1201 1322 1274 1403 jure
1295 1324 1448 1385 uniuscn-

186 1424 308 1507 jusque
329 1426 387 1507 qui
408 1426 463 1507 jus
486 1436 682 1507 patronatus
705 1426 839 1489 evicerit
861 1426 893 1487 in
914 1425 1034 1489 eadem
1054 1437 1088 1489 et
1108 1426 1208 1488 salvis
1230 1426 1261 1488 in
1283 1426 1448 1501 omnibns,

189 1538 249 1591 etc.
296 1527 398 1609 Quod
426 1539 471 1603 ut,
494 1540 555 1591 etc.
608 1528 683 1591 Hiis
713 1528 865 1600 testibus,
888 1528 1027 1592 Matheo
1054 1527 1301 1591 Archidiacono
1326 1529 1448 1605 Oxon',

192 1630 355 1712 Magistro
372 1632 542 1694 Willelmo
557 1631 600 1694 de
616 1632 744 1709 Cantia,
764 1632 927 1713 Magistro
945 1632 1096 1695 Waltero
1115 1632 1158 1695 de
1179 1632 1275 1696 Well’
1291 1642 1325 1695 et
1352 1633 1449 1696 Petro

189 1735 230 1797 de
262 1736 437 1811 Bathonia,
468 1736 637 1799 canonicis
669 1735 968 1811 LincolniensibuS,
1002 1735 1147 1799 Radulso
1184 1736 1226 1798 de
1259 1736 1445 1799 Warravill'

189 1840 351 1901 canonico
368 1839 537 1915 Wellensi,
553 1839 723 1903 Willelmo
738 1840 781 1903 de
799 1838 1072 1915 Winchecumba,
1090 1839 1259 1903 Willelmo
1274 1840 1317 1904 de
1333 1839 1449 1903 Tinte-

190 1942 273 2017 hell’,
291 1943 437 2006 Ricardo
452 1942 494 2006 de
511 1943 624 2008 Oxon'
640 1954 674 2005 et
691 1942 827 2007 Olivero
842 1943 885 2006 de
906 1942 1082 2007 Chedneto
1102 1944 1235 2006 clericis.
1284 1943 1373 2007 Data
1389 1964 1448 2027 per

190 2066 327 2109 manum
353 2046 485 2109 Thome
511 2046 554 2109 de
586 2046 783 2109 Fislrertone
813 2046 986 2128 capellani,
1017 2048 1167 2109 canonici
1196 2047 1448 2123 Lincolniensis,

190 2148 280 2231 apud
299 2149 516 2212 Lidintonam
533 2159 631 2212 sexto
648 2148 721 2211 idus
740 2148 894 2232 Augusti,
912 2148 1125 2231 pontificatus
1143 2151 1245 2212 nostri
1262 2170 1352 2213 anno
1369 2151 1425 2213 xii.

191 2494 264 2557 [The
280 2495 437 2547 institution
455 2496 490 2562 of
507 2494 642 2546 Nictrolas
658 2494 692 2546 de
710 2493 842 2560 Heglram
860 2497 887 2545 to
902 2494 948 2547 tlrc
965 2493 1065 2546 churclr
1083 2496 1118 2563 of
1129 2494 1294 2558 l‘t'ckwortlr,
1308 2495 1454 2557 Μαναή-

256 2578 334 2645 Aug.
347 2593 385 2640 12,
400 2578 486 2643 rm]

281 2703 772 2781 PIKEWORTHE.-OmnibuS,
787 2713 848 2767 etc.
893 2704 1034 2767 Noverit
1049 2704 1246 2767 universitas
1263 2715 1373 2769 vestra
1389 2725 1450 2768 nos

193 2808 235 2870 ad
255 2807 538 2890 presentationem
561 2806 722 2870 Willelmi
743 2808 785 2871 de
804 2806 952 2889 Gigneto
973 2808 1087 2870 militis
1108 2809 1239 2890 patroni
1256 2807 1395 2872 ecclesie
1410 2809 1452 2872 de

195 2910 391 2974 Pilreworth’
422 2910 581 2975 dilectum
610 2912 642 2973 in
675 2910 808 2975 Christo
839 2910 944 2973 filium
985 2910 1184 2974 Nicholaum
1216 2910 1259 2975 de
1292 2912 1450 2994 Hegham

194 3014 348 3077 clericum
365 3014 408 3076 ad
429 3012 570 3077 eandem
591 3014 766 3077 ecclesiam
788 3014 964 3077 admisisse
982 3015 1158 3095 ipsumque
1179 3016 1271 3078 inea
1293 3016 1452 3079 canonice

194 3138 370 3201 personam
395 3118 599 3194 instituisse,
622 3118 731 3195 salvis,
747 3128 808 3181 etc.
856 3117 957 3200 Quod
981 3128 1028 3193 ut,
1050 3128 1110 3181 etc.
1160 3118 1235 3181 Hiis
1258 3118 1449 3201 [testibus],¹

196 3222 333 3286 Matheo
359 3221 606 3284 Archidiacono
632 3221 754 3296 Oxon',
772 3221 937 3303 Magistro
954 3222 995 3283 W
999 3221 1103 3284 altero
1126 3222 1169 3285 de
1187 3221 1283 3285 Well'
1303 3234 1338 3286 et
1356 3224 1453 3286 Petro

193 3327 234 3389 de
264 3325 442 3400 Bathonia,
472 3326 640 3388 canonicis
673 3324 974 3400 Lincolniensibus,
1006 3324 1152 3388 Radulso
1182 3325 1225 3389 de
1257 3326 1449 3404 Warravill'‚

194 3431 354 3493 canonico
386 3428 555 3505 Wellensi,
588 3430 752 3512 Magistro
783 3430 954 3493 Willelmo
985 3430 1027 3493 de
1065 3429 1194 3507 Cantia,
1227 3431 1372 3494 Ricardo
1409 3431 1452 3495 de

195 3533 341 3610 Oxonia,
368 3532 537 3595 Willelmo
564 3533 607 3596 de
632 3532 800 3597 Tintehell
826 3543 860 3595 et
888 3532 1024 3596 Olivero
1049 3534 1091 3597 de
1116 3533 1292 3599 Chedneto
1317 3536 1452 3598 clericis·

195 3638 284 3702 Data
311 3658 371 3720 per
396 3656 532 3699 manum
557 3633 696 3702 Thome'
711 3638 754 3700 de
778 3637 976 3701 Fislrertone
999 3637 1171 3719 capellani,
1194 3641 1345 3702 canonici
1372 3640 1450 3702 Lin-

195 3739 380 3818 colniensis,
396 3739 485 3821 apud
502 3738 641 3804 domum
662 3741 800 3805 fratrum
819 3741 939 3804 Militie
956 3740 1088 3823 Templi
1104 3740 1204 3822 juxta
1222 3742 1350 3825 Widm[
1427 3743 1448 3824 ],

193 3843 297 3923 pridie
313 3845 388 3908 idus
406 3846 560 3927 Augusti,
576 3843 790 3927 pontificatus
806 3846 909 3908 nostri
927 3864 1015 3907 anno
1033 3844 1090 3906 xii.

191 4188 296 4251 [Grant
303 4190 337 4257 by
351 4189 457 4251 Cecilrir,
470 4189 571 4242 Abbess
581 4191 617 4257 of
622 4189 662 4241 St.
676 4188 761 4256 Mary
771 4188 805 4240 tle
822 4188 851 4240 la
868 4188 930 4246 Pri.
945 4193 972 4239 to
993 4188 1104 4252 Walter,
1118 4188 1191 4240 clerk
1203 4190 1238 4257 os
1250 4190 1295 4243 the
1313 4192 1367 4242 tate
1372 4190 1451 4256 John

255 4270 290 4323 de
306 4271 453 4338 Tynemue,
466 4272 645 4324 Archdeacon
657 4271 692 4338 os
700 4270 815 4337 Oxford,
828 4269 938 4339 offood
946 4269 1007 4322 and
1015 4270 1198 4338 clothingsor
1207 4270 1231 4322 lr'
1242 4276 1276 4335 a]

279 4400 464 4474 UniversiS,
484 4410 554 4476 etc,
571 4399 695 4463 Cecilia
714 4399 805 4461 dicta
822 4398 1004 4461 Abbatissa
1020 4410 1134 4461 sancte
1156 4398 1263 4463 Marie
1282 4399 1325 4462 de
1347 4401 1452 4461 Pratis

194 4514 288 4567 extra
317 4504 539 4568 Norhamton’
563 4506 740 4586 omnisque
764 4503 915 4586 ejusdem
944 4503 1007 4567 loci
1035 4515 1219 4568 conventus
1247 4505 1389 4567 salutem
1417 4505 1450 4566 in

195 4606 337 4670 domino
397 4607 537 4671 Noverit
562 4609 759 4671 universitas
790 4617 898 4671 vestra
927 4628 988 4670 nos
1019 4608 1130 4670 divine
1162 4609 1296 4690 pietatis
1327 4608 1446 4671 intuitu

196 4710 325 4775 dedisse
351 4722 386 4774 et
411 4714 614 4776 concessisse
640 4723 674 4777 et
701 4714 763 4776 hac
795 4714 939 4793 presenti
971 4721 1062 4775 carta
1094 4722 1207 4775 nostra
1237 4710 1450 4775 confirmasse

196 4814 315 4879 dilecto
345 4816 466 4879 clerico
497 4827 611 4879 nostro
640 4816 798 4892 Waltero,
825 4817 943 4880 clerico
970 4816 1142 4898 quondam
1173 4814 1326 4897 Magistri
1353 4814 1381 4897 J.
1407 4815 1449 4877 de

199 4950 295 4959 ’.ω-ο
663 4954 682 4959 -
827 4953 1071 4960 ..-κ-Ἠ...-
1092 4952 1172 4959 ———
1181 4953 1192 4957 -
1201 4950 1447 4959 ———————-.--

642 5030 649 5059 ¹
664 5028 790 5081 Omitted
803 5029 840 5098 by
852 5028 899 5081 the
912 5030 1009 5081 scribe.

1365 5128 1383 5165 o
