3609 5642
594 571 772 667 Episcopi
795 571 1078 646 Lincolniensis.
1400 598 1411 645 1
1426 597 1466 668 15

204 805 318 941 [RobIept
322 807 545 942 157stle
555 807 701 860 instituted
709 813 737 860 to
752 807 797 860 the
808 807 909 862 church
924 808 960 876 os
970 807 1125 876 l'elvertost
1138 824 1175 862 on
1187 809 1426 876 thepresentatiun
1441 812 1477 880 of

297 891 324 943 ic
450 891 479 942 la
523 894 590 954 usa]
963 923 968 932 =

293 1001 779 1066 GELVRETOFT'.—R0bertus
806 1002 848 1065 de
876 1001 1051 1079 Wicthell’‚
1078 1002 1310 1079 subdiaconus
1336 1023 1468 1084 presen-

205 1113 297 1168 tatus
313 1126 372 1188 per
389 1105 570 1168 Ricardum
583 1106 626 1169 de
642 1105 674 1168 la
693 1105 795 1181 Huse,
808 1105 958 1181 militem,
970 1103 1012 1168 ad
1029 1105 1204 1168 ecclesiam
1218 1106 1261 1169 de
1274 1104 1468 1181 Gelvertoft,

205 1207 295 1272 facta
317 1210 407 1292 prius
428 1209 641 1292 inquisitione
662 1229 721 1291 per
741 1210 789 1286 R.,
806 1208 1091 1272 Archidiaconum
1113 1209 1389 1291 Norhamptonie,
1408 1231 1468 1292 per

205 1333 317 1395 quarn,
333 1322 404 1390 ete,
420 1314 584 1377 admissus
599 1322 650 1377 est
666 1313 728 1376 sub
745 1333 831 1396 pena
846 1313 976 1376 concilii
993 1322 1026 1376 et
1043 1314 1075 1375 in
1092 1334 1132 1376 ea
1148 1314 1307 1376 canonice
1326 1334 1467 1395 persona

206 1417 387 1480 institutus,
443 1417 487 1479 Et
512 1417 708 1480 mandatum
731 1426 782 1479 est
804 1416 895 1479 dicto
920 1416 1167 1480 Archidiacono
1193 1417 1468 1499 Norhamptonie,

170 1535 176 1540 ·
206 1529 253 1596 ut,
268 1529 329 1583 etc.
377 1520 503 1583 Datum
520 1520 563 1602 vij
582 1520 711 1583 kalend'
728 1520 826 1602 Junii.

205 1863 321 1930 [Robert
340 1863 375 1916 de
393 1864 422 1916 la
444 1864 512 1930 Hay
527 1865 553 1917 is
574 1865 720 1917 instituted
734 1870 762 1918 to
778 1864 824 1916 the
837 1865 987 1932 perpetual
1003 1865 1134 1932 vacarage
1152 1864 1188 1932 os
1205 1863 1347 1932 Brackley,
1368 1879 1404 1916 on
1424 1864 1469 1917 the

266 1948 456 2013 presentation
467 1947 503 2014 os
509 1947 554 2000 the
565 1946 654 2000 Abbot
662 1947 723 2000 and
734 1947 859 2000 Conveni
867 1947 903 2015 os
913 1946 1051 1999 laeicester.
1090 1946 1146 1998 The
1155 1947 1287 2014 adauge
1297 1948 1323 1998 is
1333 1951 1374 2000 set
1382 1949 1451 2013 out]

295 2035 707 2123 BRACKEL’.-R0ber⁶tus
722 2060 765 2123 de
780 2059 812 2122 la
833 2058 922 2141 Hay,
937 2059 1162 2141 cappellanus,
1180 2068 1388 2141 presentatus
1408 2081 1466 2142 per

207 2162 378 2226 Abbatem
395 2172 428 2225 et
448 2173 650 2227 conventum
669 2163 862 2226 Leircestrie
877 2161 921 2226 ad
944 2171 1139 2245 perpetuam
1156 2163 1313 2226 vicariam
1329 2163 1467 2226 ecclesie

204 2265 248 2329 de
272 2265 429 2343 Brackel',
450 2266 539 2329 iacta
561 2267 651 2348 prius
683 2267 895 2348 inquisitione
919 2286 977 2349 per
1001 2267 1050 2342 R.,
1071 2265 1356 2329 Archidiaconum
1381 2267 1465 2330 Nor-

206 2369 412 2453 hamptonie,
427 2391 486 2453 per
501 2390 612 2452 quam,
627 2380 698 2447 ete,
714 2371 879 2435 admissus
895 2379 946 2433 est
961 2380 995 2434 et
1017 2371 1049 2432 in
1066 2391 1106 2434 ea
1121 2390 1198 2433 cum
1214 2390 1315 2433 onere
1330 2381 1364 2434 et
1380 2391 1466 2453 pena

207 2475 404 2538 vicariorum
436 2475 576 2538 vicarius
598 2485 778 2557 perpetuus
810 2474 988 2538 institutus.
1044 2473 1205 2538 Consistit
1232 2482 1345 2538 autem
1376 2474 1467 2537 dicta

206 2578 330 2641 vicaria
354 2578 387 2641 in
414 2579 512 2642 tertia
537 2588 631 2661 parte
657 2578 834 2660 garbarum
859 2576 902 2641 de
927 2576 1076 2641 Brackel’
1102 2587 1136 2640 et
1162 2575 1206 2640 de
1236 2577 1343 2640 Halso
1368 2588 1403 2640 et
1434 2578 1466 2640 in

208 2682 389 2746 medietate
403 2683 648 2766 altaragiorum.
695 2683 857 2748 Consistit
873 2683 974 2745 etiam
991 2681 1140 2764 predicta
1153 2683 1274 2745 vicaria
1289 2683 1322 2744 in
1338 2682 1469 2745 duabus

207 2786 319 2868 garbis
346 2786 401 2868 viij
429 2787 632 2869 virgatarum
658 2796 743 2851 terre
770 2788 803 2850 in
831 2806 952 2868 campo
982 2786 1025 2849 de
1057 2785 1181 2850 Eveale
1211 2796 1245 2850 et
1272 2787 1305 2848 in
1330 2786 1469 2850 decimis

207 2889 349 2953 duarum
366 2890 568 2974 virgatarum
586 2891 619 2953 in
637 2891 743 2954 Parva
760 2889 919 2953 Witeleld
938 2909 1014 2952 curn
1030 2891 1121 2952 curia
1136 2890 1263 2953 domini
1280 2889 1411 2954 Thorne
1427 2888 1470 2952 de

209 2994 407 3058 Armenters
427 3015 528 3077 quam
553 3014 641 3058 nunc
665 2992 819 3057 monachi
843 2994 885 3057 de
914 2993 1108 3056 Bittlesden’
1131 2993 1300 3057 excolunt.
1347 2994 1392 3057 Et
1422 2994 1470 3056 in-

205 3097 361 3179 junctum
377 3108 429 3161 est
446 3098 494 3174 R.,
511 3097 654 3162 Officiali
672 3097 910 3161 Archidiaconi
927 3096 1194 3179 Norhamptonie
1211 3109 1255 3174 ut,
1270 3107 1330 3161 etc.

205 3441 295 3510 [lotan
307 3441 341 3494 de
352 3440 452 3509 Burgo
462 3441 607 3495 instituted
615 3446 642 3494 to
653 3441 699 3494 the
709 3441 809 3495 churclt
821 3442 856 3510 os
862 3440 979 3506 Ouardla
988 3456 1025 3494 on
1039 3441 1085 3493 tlte
1090 3441 1278 3509 presentatron
1291 3443 1327 3510 os
1333 3441 1378 3493 tlte
1386 3440 1475 3494 Abbot

274 3524 336 3576 and
347 3522 518 3591 Cmrveutos
529 3525 755 3593 Peterborough]

300 3635 673 3717 UNDEL’.—Johannes
699 3635 741 3700 de
770 3636 890 3719 Burg0,
917 3634 1149 3712 subdiaconus
1176 3643 1386 3719 presentatus
1416 3655 1475 3717 per

210 3737 385 3802 Abbatem
409 3749 443 3802 et
466 3749 668 3804 conventum
692 3740 734 3804 de
759 3740 870 3821 Burgo
893 3738 935 3801 ad
966 3738 1140 3802 ecclesiam
1164 3738 1206 3801 de
1232 3736 1363 3814 Undel',
1387 3737 1475 3801 iacta

208 3841 301 3924 prius
325 3841 540 3924 inquisitione
557 3863 615 3926 per
627 3844 680 3920 R.,
696 3843 980 3907 Archidiaconum
1000 3841 1275 3925 Norhamptonie,
1290 3862 1474 3925 perquam,

207 3953 280 4022 etc,
304 3943 471 4008 admissus
494 3955 545 4008 est
573 3955 607 4009 et
632 3947 665 4009 in
689 3967 729 4010 ea
751 3947 912 4009 canonice
942 3965 1084 4028 persona
1111 3945 1291 4022 institutus,
1314 3945 1361 4008 ita
1383 3945 1473 4026 quod

208 4048 317 4112 scolas
342 4047 532 4131 frequentet
561 4060 595 4114 et
625 4050 798 4129 addiscat3
828 4049 921 4113 salva
950 4049 1086 4112 sacriste
1109 4048 1260 4131 ejusdem
1287 4049 1407 4113 domus
1432 4047 1474 4112 de

207 4151 328 4216 eadem
346 4153 486 4216 ecclesia
501 4154 642 4217 duarum
664 4174 849 4217 marcarum
870 4154 1039 4236 pensione,
1055 4153 1081 4215 si
1100 4173 1175 4216 eam
1197 4151 1387 4235 probaverit
1401 4173 1474 4215 esse

207 4255 358 4320 debitam
379 4265 413 4320 et
433 4259 614 4340 antiquam.
663 4258 709 4322 Et
728 4259 915 4341 injunctum
936 4268 988 4322 est
1007 4257 1056 4334 R„
1076 4256 1220 4321 Officiali
1238 4256 1473 4320 Archidiaconi

210 4359 482 4443 Norhamptonie
497 4371 543 4440 ut,
558 4371 619 4426 etc.

208 4615 267 4683 [W.
279 4617 314 4670 rte
330 4616 447 4682 Wedon’,
461 4617 597 4685 chaplain,
610 4619 791 4672 driutituted
799 4623 826 4672 to
840 4619 884 4672 tlte
889 4619 1041 4695 perpetual
1048 4618 1179 4686 vr'carage
1195 4619 1231 4687 os
1247 4618 1349 4671 Wedon
1363 4618 1425 4676 Bec.
1437 4635 1474 4670 or.-

272 4698 318 4752 the
323 4700 514 4766 presentatum
525 4700 562 4768 os
573 4701 619 4754 tlte
630 4701 720 4755 Arbor
728 4702 764 4770 os
775 4701 850 4765 Bec]

296 4811 563 4876 WEDON’.-W.
580 4813 623 4876 de
642 4813 794 4890 Wedon’,
809 4813 1034 4897 cappellanus,
1050 4821 1259 4896 presentatus
1279 4833 1337 4895 per
1359 4813 1473 4876 Abba-

206 4924 276 4979 tem
303 4914 347 4979 de
375 4915 483 4979 Becco
509 4916 552 4980 ad
578 4926 773 4999 perpetuam
802 4917 956 4980 vicariam
984 4917 1122 4980 ecclesie
1148 4917 1191 4980 de
1218 4916 1359 4980 Wedon'
1385 4916 1474 4981 sacta

207 5019 298 5102 prius
322 5018 537 5101 inquisitione
553 5039 611 5104 per
628 5021 676 5097 R„
693 5020 976 5085 Archidiaconum
997 5021 1273 5102 Norhamptonie,
1289 5041 1473 5103 perquam,

1367 5141 1376 5180 1
1391 5141 1406 5180 2
