3609 5642
333 547 401 614 124
679 523 814 597 Rotulz'
830 523 1006 621 Hugonis
1032 525 1077 596 de
1105 523 1237 597 Welles

329 759 371 823 ad
387 760 529 824 eandem
545 759 711 824 admissus
726 771 827 827 estet
842 762 875 825 in
890 783 931 825 ea
946 762 1106 825 canonice
1123 781 1264 844 persona
1279 760 1451 823 institutus
1466 780 1474 836 ;
1497 758 1592 821 salva

328 864 455 928 eisdem
472 865 575 928 Priori
596 875 631 929 et
649 866 817 929 canonicis
832 865 875 930 de
895 867 1013 930 eadem
1033 887 1145 929 annua
1164 864 1387 948 quadraginta
1407 863 1590 926 solidorum

329 968 497 1052 pensione.
543 969 589 1035 Et
605 969 800 1034 mandatum
817 979 868 1033 est
884 968 1132 1033 Archidiacono
1148 969 1416 1052 Norhamptonie
1432 976 1478 1045 ut,
1492 978 1555 1031 etc

329 1311 468 1380 [Riclmd
476 1313 509 1366 dc
520 1313 722 1381 Bechampton’.
733 1313 811 1378 clem,
822 1314 847 1367 is
858 1314 1005 1367 instituted
1013 1319 1040 1367 to
1050 1314 1096 1367 tlte
1106 1314 1237 1381 vr'carage
1247 1312 1393 1380 osExton‚
1405 1311 1541 1374 Rutland,
1554 1327 1591 1364 on

394 1395 439 1447 the
454 1396 644 1462 presentation
660 1395 696 1462 of
713 1395 758 1448 tte
772 1396 859 1449 Pn'or
872 1395 935 1448 and
950 1395 1078 1448 Convent
1094 1395 1131 1463 of
1142 1395 1182 1449 St.
1202 1394 1356 1457 Andrcw's,
1373 1393 1591 1460 Northampton.

396 1476 424 1528 Τ
420 1475 455 1529 he
465 1477 596 1544 ut'carage
609 1477 687 1530 isset
694 1477 761 1546 out]

364 1685 366 1690 Ι
417 1595 798 1659 EXTONA.-Ricardus
814 1595 857 1659 de
874 1596 1124 1679 Becbampton',
1139 1595 1364 1678 cappellanus,
1381 1603 1591 1678 presentatus

304 1709 306 1713 “
329 1719 388 1782 per
412 1700 557 1762 Priorem
581 1709 615 1762 et
638 1709 840 1763 conventum
865 1700 980 1766 Sancti
997 1700 1134 1764 Andree
1159 1699 1427 1782 Norhamptonie
1450 1697 1494 1762 ad
1519 1718 1591 1781 per-

329 1811 464 1886 petuam
484 1803 640 1866 vicariam
659 1803 797 1867 ecclesie
815 1803 858 1867 de
877 1804 1004 1867 Exton'
1025 1803 1213 1867 ordinatam
1233 1802 1432 1866 auctoritate
1450 1801 1592 1874 concilii,

330 1907 417 1970 sacta
438 1908 528 1990 prius
551 1907 764 1990 inquisitione
789 1929 847 1990 per
865 1908 915 1984 R.,
933 1908 1216 1971 Archidiaconum
1237 1907 1516 1988 Norhamptonie,
1533 1927 1592 1988 per

328 2031 439 2093 quam,
454 2019 525 2087 etc,
541 2009 706 2073 admissus
721 2022 772 2074 est
790 2021 824 2074 et
846 2011 879 2074 in
898 2032 939 2074 ea
954 2011 1095 2075 vicarius
1114 2020 1294 2093 perpetuus
1317 2010 1499 2098 institutus,
1515 2029 1591 2071 cum

328 2143 428 2185 onere
450 2131 484 2186 et
507 2142 594 2205 pena
617 2123 822 2185 vicariorum.
877 2122 1039 2187 Consistit
1062 2133 1174 2186 autem
1206 2123 1279 2204 ipsa
1301 2122 1423 2184 vicaria
1454 2121 1487 2183 in
1520 2129 1593 2183 toto

328 2225 490 2307 altaragio
506 2225 608 2307 ipsius
623 2226 761 2289 ecclesie
775 2236 809 2289 et
828 2227 861 2288 in
877 2224 1016 2289 decimis
1031 2225 1074 2289 de
1094 2224 1358 2289 Bernalideshull
1377 2245 1454 2287 cum
1475 2244 1594 2287 manso

328 2338 548 2411 conpetente;
570 2339 604 2392 et
634 2329 741 2392 solvet
767 2331 908 2393 vicarius
938 2328 1102 2392 slnodalia
1132 2340 1264 2393 tantum
1291 2339 1326 2392 et
1351 2328 1437 2391 duas
1462 2349 1592 2391 marcas

329 2451 457 2494 annuas
485 2432 657 2494 monachis
681 2433 883 2510 memoratis
906 2435 963 2515 qui
986 2432 1122 2515 quidem
1146 2433 1329 2515 hospitium
1354 2431 1593 2495 Archidiaconi

330 2535 562 2617 procurabunt.
618 2536 664 2599 Et
687 2535 884 2599 mandatum
908 2547 959 2600 est
981 2537 1073 2600 dicto
1097 2536 1347 2600 Archidiacono
1369 2546 1415 2612 ut,
1439 2545 1500 2599 etc.
1548 2535 1594 2598 Et

329 2637 408 2720 quia
439 2657 575 2700 mansus
607 2638 716 2701 minus
743 2637 910 2702 sufficiens
940 2649 991 2702 est
1021 2659 1122 2722 quam
1147 2639 1290 2716 deceret,
1321 2638 1519 2702 mandatum
1542 2648 1594 2702 est

331 2741 578 2805 Archidiacono
593 2751 628 2805 et
644 2762 798 2805 mansum
814 2742 1040 2806 decentiorem
1058 2743 1157 2806 saciat
1174 2743 1343 2827 assignari.

329 3102 436 3172 [Ralph
454 3103 488 3156 de
508 3101 696 3171 collingham,
716 3103 796 3166 clerte,
818 3104 843 3156 is
863 3103 1009 3156 instituted
1028 3108 1055 3156 to
1077 3103 1123 3156 tlte
1144 3103 1245 3156 churclt
1267 3103 1303 3170 of
1322 3102 1473 3164 Stanwick,
1491 3119 1529 3154 on
1548 3103 1595 3154 tlte

389 3186 580 3252 presentation
590 3186 626 3253 of
637 3184 682 3237 tlte
692 3185 781 3237 Abtot
790 3185 852 3237 and
863 3185 1034 3255 Conventof
1045 3184 1271 3253 Peterborough.]

418 3303 850 3386 STANEWIG'.—Magister
870 3303 1036 3366 Radullus
1051 3302 1094 3365 de
1115 3303 1338 3387 Collingham,
1354 3302 1502 3379 clericus,
1519 3324 1592 3386 pre-

330 3416 482 3471 sentatus
505 3429 564 3491 per
587 3407 758 3471 Abbatem
782 3418 817 3471 et
843 3418 1046 3472 conventum
1070 3407 1113 3471 de
1141 3409 1253 3490 Burgo
1280 3405 1323 3471 ad
1352 3406 1529 3470 ecclesiam
1553 3407 1596 3470 de

334 3511 505 3594 Stanwig’,
532 3512 620 3575 sacta
651 3512 742 3594 prius
778 3512 992 3594 inquisitione
1023 3532 1081 3593 per
1112 3511 1161 3586 R.,
1191 3510 1476 3573 Archidiaconum
1509 3511 1596 3573 Nor-

331 3615 536 3698 hamptonie,
552 3635 737 3698 perquam,
757 3625 829 3692 etc,
845 3615 1011 3679 admissus
1030 3626 1082 3679 est
1102 3625 1137 3678 et
1157 3615 1189 3677 in
1212 3635 1253 3678 ea
1273 3615 1433 3677 canonice
1452 3633 1597 3696 persona

331 3719 523 3797 institutus;
546 3719 638 3783 salva
659 3719 795 3782 sacriste
816 3717 859 3782 de
881 3719 993 3802 Burgo
1013 3717 1056 3782 de
1079 3717 1196 3782 eadem
1213 3718 1354 3782 ecclesia
1376 3718 1496 3801 viginti
1519 3718 1597 3781 soli-

330 3822 449 3887 dorum
472 3825 643 3906 pensione,
658 3824 685 3886 si
707 3842 782 3886 eam
805 3823 994 3905 probaverit
1012 3843 1085 3886 esse
1099 3823 1248 3886 debitam
1270 3833 1305 3886 et
1319 3822 1503 3904 antiquam.
1551 3821 1597 3904 Et

331 3925 518 4009 injunctum
535 3936 588 3991 est
603 3925 748 3992 Officiali
765 3927 912 4009 presenti
928 3935 974 4004 ut,
988 3936 1049 3990 etc
1096 3925 1330 3992 Subdiaconus
1345 3936 1404 3990 est

330 4269 467 4336 [Peterde
477 4269 621 4333 lainam,
634 4269 801 4333 wldracam
815 4270 997 4324 isinstituted
1010 4275 1038 4323 to
1052 4270 1099 4323 tlte
1108 4270 1209 4323 churck
1220 4270 1256 4337 of
1262 4269 1408 4338 Abington
1419 4287 1457 4323 rm
1473 4271 1520 4323 the
1530 4275 1598 4339 pre·

394 4350 705 4502 ῑῖἰὲνίιὲιικῖἑῐῖὐῖίία
716 4351 749 4404 de
757 4351 871 4417 Lusurs,
882 4357 910 4405 to
918 4352 1011 4406 whom
1018 4352 1152 4405 Niclrolas
1161 4351 1196 4405 de
1204 4351 1402 4419 Bassingbum
1411 4351 1473 4404 had
1473 4351 1602 4420 granted

420 4553 784 4618 ABINTON'.—Petrus
800 4554 843 4617 de
868 4554 1041 4630 Irincestr’,
1056 4553 1290 4629 subdiaconus
1310 4561 1522 4636 presentatus
1538 4573 1598 4634 per

331 4657 504 4721 dominam
524 4657 700 4721 isabellam
717 4656 760 4721 de
774 4657 898 4721 Lusurs
915 4657 957 4721 ad
973 4646 1147 4721 ecclesiam
1164 4657 1207 4720 de
1217 4656 1389 4733 Abinton’,
1404 4655 1494 4719 t'acta
1505 4657 1597 4738 prius

332 4761 545 4843 inquisitione
565 4781 623 4842 per
644 4760 693 4837 R.,
713 4760 996 4824 Archidiaconum
1018 4759 1295 4842 Norhamptonie,
1315 4780 1374 4841 per
1393 4779 1506 4841 quam,
1525 4769 1599 4822 etc,

330 4864 494 4947 susceptis
514 4863 616 4927 etiam
637 4864 754 4927 litteris
773 4864 901 4927 domini
923 4865 1034 4946 Regis,
1053 4864 1143 4946 quod
1164 4884 1240 4926 cum
1261 4863 1366 4926 assisa
1385 4862 1504 4926 ultime
1523 4883 1599 4945 pre-

329 4968 527 5032 sentationis
544 4968 749 5032 summonita
763 4977 852 5031 esset
869 4968 901 5030 in
914 4969 1006 5030 curia
1016 4968 1144 5031 domini
1162 4967 1265 5049 Regis
1276 4987 1388 5030 coram
1403 4965 1599 5048 justiciariis
