3609 5642
630 571 807 668 Episcopi
829 570 1112 645 Le'ncolniensts.
1449 593 1490 664 31

239 809 391 888 Toselde,
406 810 594 875 ordinatam
612 820 649 875 ut
665 812 698 874 in
715 812 817 875 veteri
841 811 958 888 rotule,
974 810 1062 876 sacta
1084 811 1175 895 prius
1199 811 1414 896 inquisitione
1437 831 1497 896 per

242 914 294 993 A,
311 914 594 978 Archidiaconum
612 915 734 992 Oxon',
751 936 809 999 per
824 935 936 998 quam,
951 925 1021 992 etc.,
1038 914 1080 978 ad
1103 915 1246 980 eandem
1263 915 1429 980 admissus
1445 926 1497 980 est

239 1040 317 1082 cum
340 1039 441 1082 onere
466 1029 501 1082 et
525 1040 612 1102 pena
634 1019 840 1097 vicariorum,
856 1031 890 1084 et
914 1019 1109 1084 mandatum
1133 1030 1184 1084 est
1206 1020 1297 1084 dicto
1320 1019 1496 1084 Archidia·

240 1143 328 1186 cono
344 1133 389 1200 ut,
404 1132 465 1187 etc.

240 1317 383 1387 [Wllritm
394 1317 428 1371 de
439 1318 468 1370 la
480 1319 569 1383 More,
581 1319 689 1384 deocom
697 1319 887 1388 presentedby
898 1320 998 1389 Henry
1008 1320 1042 1374 de
1053 1321 1082 1373 lo
1095 1320 1182 1384 More,
1196 1323 1221 1374 ir
1239 1319 1386 1374 instituted
1390 1323 1498 1388 parson

307 1401 342 1468 of
348 1401 393 1454 roe
404 1400 501 1469 chopel
513 1400 550 1469 os
555 1401 582 1454 Α
584 1401 686 1454 loescot
694 1418 731 1455 on
743 1401 787 1454 the
798 1403 972 1470 resignation
983 1403 1018 1471 of
1024 1402 1130 1471 Amoy
1139 1402 1173 1455 o'e
1185 1403 1362 1472 He‘lerombe.]

330 1530 504 1596 CAPELLA
527 1545 577 1593 DE
601 1531 1049 1596 ELFESCOT'.—Willelmus
1073 1531 1115 1595 de
1142 1531 1174 1595 la
1198 1531 1302 1608 Mare,
1329 1531 1500 1608 diaconus,

130 1640 133 1650 '
242 1645 452 1718 presentatus
479 1655 538 1717 per
564 1635 747 1700 Henricum
772 1634 815 1700 de
839 1635 870 1698 la
895 1636 1000 1712 Mare,
1019 1637 1062 1700 ad
1087 1637 1250 1719 capellam
1266 1635 1309 1700 de
1330 1634 1499 1699 Ellescote

240 1750 417 1803 vacantem
434 1759 492 1821 per
508 1739 766 1821 resignationem
784 1739 993 1824 Amaur[ici]
1016 1739 1059 1803 de
1077 1739 1282 1816 Hilcrombe,
1298 1739 1386 1803 sacta
1409 1740 1500 1822 prius

242 1843 456 1924 inquisitione
487 1863 545 1926 per
578 1842 629 1920 A,
659 1843 943 1907 Archidiaconum
976 1842 1098 1921 Oxon’‚
1129 1864 1187 1928 per
1216 1863 1328 1926 quam,
1354 1852 1426 1919 etc.,
1455 1842 1498 1906 ad

241 1945 385 2010 eandem
401 1955 453 2010 est
468 1946 633 2010 admissus
648 1956 683 2012 et
700 1947 897 2012 mandatum
914 1957 966 2012 est
982 1958 1019 2012 ut
1034 1968 1142 2031 supra

244 2139 339 2207 [John
356 2139 389 2194 de
406 2140 498 2204 Mora,
508 2142 644 2209 cnoplaen,
656 2144 803 2209 presented
816 2143 849 2212 by
860 2143 906 2197 tlte
916 2143 1004 2196 Prior
1013 2144 1049 2212 os
1054 2143 1214 2206 Deerhurst,
1227 2145 1252 2196 is
1262 2141 1408 2196 instituted
1417 2146 1444 2196 to
1455 2141 1501 2194 the

309 2221 409 2276 church
421 2224 457 2291 of
463 2224 653 2286 Northmoor,·
667 2240 742 2278 some
753 2226 789 2293 of
795 2225 840 2279 tlte
852 2225 934 2279 tithes
950 2225 1049 2294 belong
1060 2230 1087 2278 to
1098 2225 1145 2278 tlte
1154 2225 1247 2294 Aboey
1257 2225 1293 2294 os
1298 2223 1467 2294 Eynsham.]

333 2343 671 2427 MORA.-Johannes
716 2344 758 2408 de
808 2344 914 2422 Mora,
952 2344 1153 2427 capellanus,
1194 2354 1404 2427 presentatus
1441 2364 1501 2427 per

243 2447 391 2510 Priorem
408 2445 450 2510 de
467 2446 637 2511 Derherst’
649 2446 692 2510 ad
708 2448 883 2512 ecclesiam
896 2448 940 2512 de
957 2449 1063 2526 Mora,
1075 2447 1163 2513 sacta
1179 2449 1269 2531 prius
1286 2447 1500 2530 inquisitione

243 2569 303 2632 per
318 2549 360 2614 A.
378 2549 661 2615 Archidiaconum
686 2552 799 2617 Oxon'
816 2573 874 2635 per
889 2572 1001 2635 quam,
1015 2562 1087 2628 etc.,
1102 2551 1145 2615 ad
1168 2551 1310 2615 eandem
1334 2550 1500 2615 admissus

242 2663 304 2730 est,
318 2663 388 2730 etc.,
404 2653 496 2717 salva
512 2654 639 2718 Abbati
663 2666 697 2720 et
712 2656 890 2720 conventui
914 2656 957 2720 de
982 2655 1175 2740 Eynesham
1198 2656 1409 2738 possessione
1431 2674 1500 2732 sua,

242 2775 343 2838 quam
361 2757 393 2820 in
410 2757 610 2840 quibusdam
626 2758 764 2822 decimis
780 2769 814 2823 et
830 2761 902 2823 aliis
926 2759 1050 2824 ibidem
1074 2759 1262 2824 habuerunt
1284 2759 1329 2823 ab
1350 2758 1501 2840 antiqu0,

241 2870 277 2924 et
293 2861 491 2925 mandatum
507 2871 559 2925 est
574 2862 666 2926 dicto
683 2861 932 2927 Archidiacono
948 2874 994 2941 ut,
1010 2873 1070 2928 etc.

739 3128 880 3194 Annus
908 3128 1005 3193 ΧΧΙ.

242 3284 362 3354 [Luaon
379 3285 413 3340 de
433 3285 578 3350 Corrner'll',
590 3286 759 3349 snodeocon,
766 3287 915 3355 presented
928 3288 962 3356 by
973 3287 1100 3342 Rr'clrord
1111 3303 1162 3341 son
1178 3287 1299 3355 ossolm,
1315 3289 1342 3340 is
1357 3286 1505 3341 inenticted

309 3372 336 3420 o
347 3367 393 3420 oe
403 3367 503 3422 como
515 3367 710 3438 anoton,
720 3367 831 3437 voidoy
843 3369 888 3422 ne
899 3368 982 3422 nato
993 3368 1191 3438 osroenorum

334 3486 755 3552 HETHROP'.-Lucianus
778 3487 821 3552 de
845 3488 1020 3566 Cormeill’,
1042 3487 1275 3564 subdiaconus,
1290 3495 1500 3571 presentatus

244 3610 304 3673 per
320 3590 501 3654 Ricardum
518 3590 621 3655 filium
645 3592 810 3675 Johannis
834 3590 876 3655 ad
899 3591 1075 3655 ecclesiam
1098 3589 1142 3654 de
1168 3590 1307 3673 Hetrop'
1323 3599 1499 3654 vacantem

243 3715 305 3777 per
323 3704 464 3758 mortem
490 3694 644 3757 Nicholai
669 3694 787 3758 ultimo
811 3695 947 3758 rectoris
970 3693 1132 3775 ejusdem,
1147 3693 1285 3757 domino
1309 3692 1497 3757 Exoniensi

245 3796 415 3880 Episcopo
442 3817 501 3879 per
526 3797 652 3861 litteras
679 3817 755 3860 suas
779 3796 813 3861 id
836 3796 1045 3874 testificante,
1062 3795 1149 3860 lacta
1173 3799 1263 3879 prius
1286 3796 1500 3880 inquisitione

245 3919 303 3983 per
318 3899 370 3977 Α.,
386 3899 670 3963 Archidiaconum
687 3898 809 3977 Oxon',
825 3920 883 3982 per
898 3921 1009 3982 quam,
1024 3911 1095 3977 etc.,
1111 3900 1152 3964 ad
1176 3900 1318 3965 eandem
1335 3899 1501 3964 admissus

243 4011 295 4066 est
309 4013 343 4067 et
359 4003 392 4066 in
408 4024 448 4067 ea
471 4004 631 4066 canonice
655 4023 797 4085 persona
821 4003 1000 4068 institutus⁴
1048 4003 1094 4066 Et
1117 4003 1313 4067 mandatum
1337 4013 1388 4068 est
1410 4002 1502 4067 dicto

245 4105 493 4170 Archidiacono
509 4117 555 4183 ut,
570 4115 632 4171 etc.

243 4301 399 4368 [Robertde
410 4301 545 4365 Braccon',
559 4300 695 4368 choplor'n,
704 4301 852 4369 presented
859 4303 892 4370 by
904 4301 1025 4355 Brother
1032 4298 1132 4370 Hugh,
1145 4301 1191 4354 the
1196 4303 1310 4370 prodor
1317 4301 1354 4370 of
1359 4301 1405 4356 tlte
1415 4301 1504 4356 notor

308 4381 460 4451 erj'Aunoy,
472 4383 499 4435 is
514 4381 659 4436 institicted
667 4383 747 4435 mour
755 4381 792 4450 os
799 4382 997 4451 Ramingos]

332 4501 863 4566 KERTLINGTONE.-Robertus
886 4501 929 4565 de
954 4502 1120 4579 Braccon',
1142 4502 1343 4586 capellanus,
1366 4523 1499 4586 presen-

242 4615 333 4669 tatus
363 4606 406 4668 ad
436 4606 592 4669 vicariam
623 4605 665 4669 de
699 4605 935 4688 Kertlingtone
967 4626 1026 4688 per
1057 4605 1192 4668 fratrem
1233 4605 1414 4689 Hugonem
1454 4607 1499 4672 de

243 4708 378 4785 Alnet0,
408 4708 553 4772 Abbatis
583 4719 618 4771 et
647 4718 831 4771 conventus
858 4707 901 4772 de
928 4708 1053 4772 Alneto
1080 4719 1326 4792 procuratorem
1360 4708 1402 4772 ad
1433 4709 1496 4775 hoc

243 4813 472 4888 constitutum,
514 4811 602 4876 facta
644 4813 734 4895 prius
770 4812 983 4894 inquisitione
1021 4833 1081 4896 per
1119 4812 1170 4888 A,
1213 4811 1496 4877 Archidiaconum

244 4913 366 4990 Oxon',
391 4935 449 4996 per
474 4935 586 4997 quam,
610 4925 682 4991 etc.,
706 4914 749 4978 ad
779 4913 922 4978 eandem
950 4914 1116 4979 admissus
1145 4923 1196 4978 est
1226 4935 1302 4978 cum
1333 4935 1433 4980 onere
1462 4926 1498 4982 et

243 5037 330 5101 pena
345 5017 551 5096 vicariorum,
561 5028 622 5082 etc.
670 5018 716 5083 Et
732 5017 929 5082 mandatum
945 5030 997 5084 est
1011 5018 1103 5083 dicto
1114 5017 1361 5082 Archidiacono
1377 5031 1423 5100 ut,
1434 5030 1495 5087 etc.
