3609 5642
321 563 389 650 156
669 559 804 630 Rutuli
821 557 997 655 Hugone's
1014 557 1057 629 de
1083 556 1216 628 Welles

331 707 517 717 -n--n-n-
534 708 753 716 ..m-...aeuu-
963 707 1102 714 --.-.-..-
1306 707 1466 713 —————--
1486 708 1567 714 .-...-

315 798 489 861 ecclesiam
513 798 555 861 de
579 798 818 874 Cherwaltone,
837 797 926 860 sacta
945 799 1035 880 prius
1056 797 1269 878 inquisitione
1289 818 1348 879 per
1372 796 1571 879 Magistrum

317 903 359 978 S.,
379 901 566 966 Officialem
589 903 864 985 Norhamptonie,
885 924 944 985 per
963 923 1074 984 quam,
1090 913 1161 979 etc,
1181 902 1224 966 ad
1243 902 1385 965 eandem
1406 901 1572 965 admissus

315 1016 375 1084 est,
389 1016 450 1069 etc.
498 1007 543 1068 Et
560 1005 755 1070 mandatum
772 1016 823 1070 est
838 1006 931 1069 dicto
949 1006 1092 1071 Officiali
1111 1017 1156 1082 ut,
1171 1016 1233 1068 etc.

317 1349 439 1417 [Mnetin
459 1349 493 1402 de
508 1351 608 1403 Sancto
629 1351 721 1412 [voire.
745 1351 914 1414 sub-dedcon,
936 1351 1083 1417 presented
1098 1350 1131 1418 by
1150 1350 1196 1402 tlte
1214 1349 1304 1402 Attot
1320 1350 1382 1402 ared
1403 1349 1580 1416 conventos

380 1431 592 1500 Peterborougtz,
605 1433 630 1484 is
640 1434 787 1486 instituted
795 1439 822 1485 to
833 1434 877 1486 tlte
888 1433 990 1486 etrurctt
1002 1435 1038 1501 of
1046 1433 1183 1501 Clopton]

403 1569 829 1634 CLOPTONA.-Martinus
848 1569 890 1634 de
911 1570 1038 1635 Sancto
1060 1570 1171 1647 ivone,
1187 1569 1421 1643 subdiaconus,
1442 1587 1576 1649 presen-

235 1703 238 1710 ·
299 1737 301 1741 ,
315 1683 405 1736 tatus
417 1693 477 1754 per
492 1673 662 1736 Abbatem
676 1684 709 1737 et
725 1684 927 1738 conventum
940 1675 1035 1737 Beati
1053 1675 1140 1737 Petri
1158 1673 1200 1736 de
1218 1673 1330 1755 Burgo
1346 1671 1388 1736 ad
1399 1671 1575 1734 ecclesiam

315 1777 357 1838 de
381 1776 557 1858 Cloptona‚
573 1777 661 1840 sacta
683 1779 773 1860 prius
793 1779 1009 1860 inquisitione
1028 1798 1087 1861 per
1108 1777 1310 1859 Magistrum
1328 1776 1370 1849 S.,
1387 1774 1575 1840 Officialem

318 1877 593 1961 Norhamptonie,
616 1901 808 1962 perquam,
831 1892 902 1958 etc,
918 1881 961 1944 ad
985 1879 1127 1944 eandem
1151 1879 1317 1942 admissus
1339 1888 1400 1955 est,
1422 1886 1484 1940 etc.
1532 1877 1577 1941 Et

317 1983 512 2046 mandatum
529 1994 580 2047 est
596 1985 686 2048 dicto
703 1984 846 2049 Officiali
864 1996 910 2061 ut,
926 1995 986 2048 etc.

314 2324 479 2392 [Walterde
494 2330 643 2390 Tauntone,
650 2329 799 2396 presented
812 2329 845 2396 by
861 2330 907 2380 tite
918 2330 1004 2381 Peior
1018 2328 1080 2380 and
1091 2329 1216 2382 Conveni
1230 2328 1266 2395 of
1279 2326 1478 2394 Huntingdon.
1492 2326 1518 2377 is
1535 2326 1578 2378 in·

379 2411 493 2464 stitnted
498 2416 525 2463 to
536 2411 582 2464 tire
593 2411 710 2479 mediety
720 2413 755 2479 os
763 2411 809 2464 tlte
820 2412 920 2465 chureii
930 2413 965 2480 of
971 2411 1077 2473 Isdem,
1090 2412 1182 2464 which
1195 2412 1294 2464 Simon
1306 2409 1367 2462 lead
1375 2409 1462 2474 held]

408 2547 751 2611 ISHAM.-Walterus
791 2550 833 2611 de
872 2549 1050 2611 Tauntone
1088 2546 1222 2629 [blank],
1261 2554 1473 2628 presentatus
1519 2564 1578 2625 per

319 2650 464 2714 Priorem
481 2661 515 2713 et
531 2662 732 2715 conventum
750 2651 792 2714 de
806 2653 1029 2715 Huntindone
1041 2651 1083 2714 ad
1101 2651 1191 2713 illam
1207 2650 1422 2712 medietatem
1439 2647 1579 2710 ecclesie

317 2753 359 2815 de
378 2753 501 2830 Isham,
516 2775 581 2836 que
597 2755 658 2817 suit
676 2755 829 2837 Magistri
844 2755 1001 2831 Simonis,
1016 2754 1104 2817 facta
1121 2755 1211 2836 prius
1228 2751 1444 2833 inquisitione
1459 2771 1518 2832 per
1534 2750 1576 2828 S.,

319 2856 506 2921 Officialem
525 2859 801 2941 Norhamptonie,
818 2880 1002 2942 perquam,
1018 2857 1147 2934 etc.,ad
1163 2857 1307 2921 eandem
1329 2857 1496 2920 admissus
1518 2865 1579 2932 est,

317 2972 379 3024 etc.
427 2963 473 3025 Et
490 2963 686 3026 mandatum
702 2972 754 3026 est
768 2963 878 3026 eidem
897 2962 1040 3027 Officiali
1057 2973 1102 3039 ut,
1117 2972 1177 3025 etc.

318 3305 476 3372 [Reginald
483 3307 517 3359 de
533 3307 716 3375 Eillingtone.
728 3307 896 3369 neb-demon,
915 3305 1063 3373 presented
1071 3306 1104 3373 ty
1128 3305 1254 3358 Wlliam
1271 3307 1305 3357 tte
1322 3305 1458 3372 Gimegm,
1470 3305 1548 3372 aster
1560 3319 1580 3355 a

382 3387 490 3455 dispnte
501 3388 583 3440 aberet
593 3389 638 3441 tlte
645 3392 810 3456 patrondge‚
822 3390 846 3440 is
858 3387 1006 3440 instituted
1014 3394 1041 3440 to
1052 3387 1097 3439 tlte
1105 3387 1207 3439 cltrtrctt
1219 3387 1255 3453 os
1261 3386 1415 3450 Bradden.]

407 3523 884 3605 BRADDENE.-Reginaldus
900 3523 943 3585 de
965 3523 1179 3603 Eillingtone,
1195 3521 1429 3597 subdiaconus
1446 3541 1579 3604 presen-

318 3635 410 3688 tatus
427 3647 485 3708 per
502 3626 707 3688 Willelmum
724 3627 766 3689 de
787 3627 944 3709 Gimeges
967 3627 1008 3688 ad
1030 3625 1204 3689 ecclesiam
1225 3625 1268 3688 de
1290 3624 1475 3702 Braddene,
1491 3624 1580 3687 iacta

321 3731 410 3811 prius
441 3731 654 3812 inquisitione
684 3751 743 3812 per
774 3730 816 3806 S.,
847 3729 1034 3794 Officialem
1068 3729 1344 3811 Norhamptonie,
1373 3738 1407 3791 et
1437 3729 1580 3810 receptis

322 3833 439 3896 litteris
455 3832 581 3895 domini
604 3834 707 3916 Regis
731 3833 980 3897 continentibus
1004 3832 1094 3914 quod
1111 3832 1200 3895 idem
1225 3831 1415 3894 Willelmus
1436 3831 1581 3893 incuria

323 3957 383 3999 sua
398 3957 508 4000 coram
524 3935 713 4016 justiciariis
725 3937 814 4019 apud
829 3937 1164 4000 Westmonasterium
1178 3935 1237 4018 per
1249 3935 1411 4015 judicium
1428 3933 1579 4014 ejusdem

319 4043 409 4104 curie
435 4042 640 4123 recuperavit
665 4043 820 4105 seisinam
845 4063 939 4104 suam
963 4043 1005 4104 de
1029 4040 1248 4104 advocatione
1270 4039 1408 4103 ecclesie
1431 4039 1581 4120 predicte

321 4166 435 4208 versus
457 4144 644 4207 Walterum
665 4146 707 4208 de
729 4145 915 4222 Braddene,
933 4167 992 4227 per
1011 4165 1085 4227 que,
1103 4155 1174 4221 etc,
1189 4143 1232 4208 ad
1251 4141 1393 4207 eandem
1414 4141 1581 4205 admissus

320 4258 379 4311 est.
426 4248 471 4310 Et
489 4247 676 4328 injunctum
693 4259 744 4311 est
760 4250 850 4311 dicto
867 4248 1010 4312 Officiali
1028 4249 1172 4330 presenti
1188 4258 1234 4324 ut,
1245 4257 1306 4310 etc.

318 4593 427 4660 [Simon
447 4593 480 4645 de
500 4593 626 4660 Dingele‚
648 4593 815 4654 snb-dencon,
832 4592 982 4660 presented
994 4593 1027 4660 by
1042 4593 1134 4660 Huglr
1153 4592 1186 4644 de
1205 4591 1333 4660 Dingele‚
1353 4592 1455 4659 astera
1470 4588 1581 4656 dispuit

383 4675 465 4728 about
474 4675 519 4727 tlte
524 4678 689 4742 patronage,
702 4676 727 4726 is
738 4675 882 4727 instituted
895 4680 922 4727 to
934 4674 979 4726 tite
990 4675 1091 4727 chureii
1102 4675 1138 4742 os
1143 4673 1384 4738 EastFamdon.]

408 4794 822 4858 FARENDONE.—Simon
850 4794 892 4856 de
924 4794 1076 4875 Dingele,
1106 4793 1339 4870 subdiaconus
1371 4805 1583 4876 presentatus

321 4919 379 4980 per
397 4898 578 4979 Hugonem
599 4897 641 4960 de
663 4897 806 4979 Dingele
825 4896 867 4959 ad
891 4897 1067 4961 ecclesiam
1091 4897 1134 4959 de
1155 4898 1182 4960 F
1184 4896 1363 4975 arendone,
1378 4897 1466 4961 facta
1489 4900 1582 4981 prius

320 5002 534 5083 inquisitione
561 5023 619 5084 per
644 5001 686 5078 S.,
713 5001 900 5066 Officialem
930 5001 1208 5083 Norhamptonie,
1234 5011 1269 5064 et
1299 5003 1440 5084 receptis
1463 5003 1583 5066 litteris
