3609 5642
602 577 781 673 Episcopi
803 577 1087 651 Lz‘ncolnz'ensz's.
1406 604 1453 653 20
1456 606 1474 673 5

213 812 253 879 [Τ
249 812 283 867 he
292 814 454 867 imtitutr'on
465 815 501 882 os
511 814 611 867 Rolm
624 814 659 866 dc
670 813 840 883 Lungeville
852 818 878 865 to
889 814 935 866 the
946 813 1047 866 churclr
1058 815 1094 882 os
1101 814 1154 867 All
1164 814 1267 877 Sainls,
1282 816 1478 877 Aldwinckle;

277 894 342 948 Dec.
353 912 395 961 25,
410 912 491 963 1223,
509 899 590 964 step.
603 896 671 965 1ιῶ]

344 1015 513 1080 Ouuruu
542 1014 781 1081 Snucronuu
811 1029 859 1077 nn
891 1015 1387 1094 mormacus-Omnibus,
1415 1028 1476 1082 etc.

213 1118 354 1181 Noverit
370 1119 569 1182 universitas
584 1128 695 1181 vestra
711 1138 772 1181 nos
788 1119 830 1182 ad
848 1119 1131 1201 presentationem
1155 1120 1291 1183 Henrici
1314 1120 1356 1185 de
1374 1122 1477 1185 Alde-

212 1222 330 1286 wincle
346 1222 471 1298 militis,
488 1222 618 1305 patroni
640 1221 779 1285 ecclesie
800 1220 962 1285 Omnium
981 1222 1182 1286 Sanctorum
1199 1222 1242 1287 de
1259 1224 1477 1301 Aldewincle,

211 1324 373 1389 dilectum
394 1326 427 1388 in
449 1324 583 1389 Christo
602 1325 706 1388 filium
729 1325 915 1388 Robertum
934 1326 976 1389 de
1002 1314 1207 1409 Lungeville‚
1223 1328 1477 1403 subdiaconum,

210 1430 252 1492 ad
267 1430 415 1493 eandem
432 1429 606 1493 ecclesiam
624 1429 807 1506 admisisse,
821 1431 998 1512 ipsumque
1015 1431 1048 1493 in
1064 1452 1105 1493 ea
1120 1432 1280 1495 canonice
1297 1452 1474 1514 personam

210 1535 416 1609 instituisse,
447 1533 556 1609 salvis,
579 1543 640 1596 etc.
691 1533 792 1616 Quod
824 1544 870 1609 ut,
894 1544 956 1596 etc.
1017 1534 1091 1597 Hiis
1122 1535 1272 1611 testibus,
1300 1536 1474 1619 Magistris

211 1638 384 1701 Willelmo
415 1638 458 1701 de
490 1637 664 1700 Lincolnia
694 1649 728 1701 et
765 1639 899 1719 Rogero
934 1638 976 1701 de
1014 1638 1155 1702 Laccok'
1187 1650 1220 1702 et
1255 1641 1403 1704 Radulso
1434 1641 1477 1705 de

211 1741 401 1817 wateville,
428 1743 597 1805 canonicis
627 1742 925 1817 Lincoluiensibus,
950 1741 1102 1805 Galsrido
1130 1744 1234 1807 Scoto
1262 1745 1469 1827 cappellano

210 1845 384 1909 Willelmo
413 1845 457 1909 de
487 1846 762 1922 Winchecumba,
792 1846 947 1928 Johanne
977 1846 1020 1909 de
1054 1846 1217 1925 Herlawe,
1247 1848 1403 1931 Philippo
1433 1849 1476 1913 de

212 1949 408 2032 Langeport
432 1960 467 2013 et
489 1950 643 2031 Johanne
667 1949 709 2012 de
735 1950 933 2027 Bannebire,
957 1950 1092 2013 clericis.
1141 1951 1231 2014 Data
1255 1972 1313 2034 per
1337 1973 1473 2017 manum

209 2054 376 2136 johannis
399 2053 443 2117 de
467 2054 623 2117 Tantone
645 2054 832 2136 cappellani
858 2053 948 2137 apud
972 2054 1081 2117 Vetus
1105 2056 1285 2137 Templum
1314 2057 1474 2121 Londini-

210 2180 314 2234 arum,
330 2160 387 2221 viii
405 2157 566 2222 kalendas
582 2159 730 2240 Januarii
748 2158 963 2241 pontificatus
980 2161 1085 2224 nostri
1103 2180 1191 2223 anno
1208 2182 1262 2224 xv.

210 2504 283 2569 [The
293 2504 455 2557 instr'lulion
467 2502 583 2572 ofJolm
594 2503 627 2556 de
640 2503 797 2556 Bannebire
808 2508 835 2556 ro
846 2502 1476 2575 thechnrchos.Lr'!clrbormaeglr,·Julyr,1224,-

272 2588 441 2654 seeptro]

298 2706 790 2781 IACHEBARlvR-Omnibus,
830 2715 891 2769 etc.
954 2706 1093 2770 Noverit
1134 2708 1331 2771 universitas
1366 2719 1476 2773 vestra

210 2832 269 2875 nos
291 2811 336 2874 ad
362 2810 646 2893 presentationem
670 2810 868 2873 dilectorum
894 2811 927 2872 in
954 2809 1088 2873 Christo
1112 2810 1254 2874 filiorum
1273 2813 1418 2876 Abbatis
1441 2825 1475 2877 et

210 2925 396 2979 conventus
427 2916 534 2977 sancti
564 2913 682 2996 Jacobi
715 2914 994 2996 Norhamptonie‚
1020 2924 1236 2996 patronorum
1267 2917 1406 2980 ecclesie
1432 2918 1475 2981 de

212 3018 455 3093 Lichesbarwe,
475 3016 636 3081 dilectum
661 3017 693 3079 in
720 3017 854 3080 Christo
876 3015 981 3079 filium
1005 3017 1194 3098 Johannem
1219 3018 1262 3081 de
1286 3018 1475 3084 Bannebire

210 3124 366 3187 clericum
384 3120 426 3183 ad
449 3120 590 3184 eandem
612 3120 788 3183 ecclesiam
810 3119 997 3195 admisisse,
1014 3120 1191 3202 ipsumque
1211 3122 1243 3183 in
1260 3142 1299 3185 ea
1315 3124 1476 3187 canonice

211 3245 389 3309 personam
410 3225 601 3301 instituisse,
617 3224 717 3286 salvis
743 3223 842 3287 dictis
868 3223 995 3286 Abbati
1022 3234 1056 3286 et
1080 3226 1258 3288 conventui
1286 3226 1329 3289 de
1356 3227 1473 3291 eadem

209 3331 349 3394 ecclesia
365 3328 483 3391 decem
500 3327 615 3390 solidis
635 3328 754 3389 annuis
775 3347 859 3408 quos
878 3326 922 3389 de
942 3346 1106 3389 consensu
1126 3327 1284 3390 Willelmi
1302 3329 1421 3393 decani
1440 3342 1474 3393 et
1540 3392 1547 3411 ,

209 3434 346 3517 capituli
372 3434 476 3496 nostri
505 3432 596 3496 Linc’
621 3432 669 3495 eis
695 3432 738 3495 de
760 3452 847 3494 novo
872 3433 1085 3507 contulimus,
1110 3452 1168 3514 per
1193 3454 1329 3496 manum
1356 3434 1474 3516 prelati

209 3538 373 3620 johannis
404 3550 438 3600 et
469 3557 697 3600 successorum
729 3555 863 3598 suorum
899 3535 1053 3616 ejusdem
1084 3536 1224 3600 ecclesie
1256 3557 1473 3619 personarum

210 3644 346 3706 nomine
369 3641 522 3724 perpetui
543 3640 694 3704 beneficii
715 3641 889 3703 annuatim
917 3640 1148 3724 percipiendis,
1170 3662 1333 3704 unacum
1354 3642 1472 3705 decem

211 3745 327 3809 solidis
352 3746 483 3821 annuis,
510 3765 595 3826 quos
625 3746 715 3827 prius
740 3744 783 3808 de
814 3744 932 3807 eadem
965 3743 1104 3808 ecclesia
1136 3746 1304 3826 percipere
1335 3766 1473 3810 consue-

210 3861 348 3922 verunt,
371 3848 473 3911 salvis
495 3849 609 3924 etiam,
632 3848 692 3911 etei
739 3846 841 3929 Quod
865 3857 912 3922 ut,
934 3858 995 3911 etc.
1045 3847 1121 3910 Hiis
1145 3848 1294 3923 testibus,
1317 3849 1471 3930 Johanne

212 3952 461 4016 Archidiacono
488 3952 695 4028 Bedelordie,
720 3947 972 4033 Theodb[aldo]
997 3952 1040 4015 de
1066 3952 1184 4015 Bosell'
1210 3954 1372 4015 canonico
1396 3952 1473 4015 Lin-

210 4056 379 4130 colniensi,
395 4055 547 4120 Galfrido
563 4056 668 4120 Scoto
686 4055 894 4137 cappellano,
913 4056 1077 4137 Magistro
1103 4055 1247 4119 Ricardo
1262 4055 1305 4119 de
1322 4056 1472 4119 Windel-

210 4158 324 4233 eshor’,
348 4158 520 4222 Willelmo
543 4159 585 4223 de
603 4158 876 4233 Winchecumba,
894 4157 1039 4222 Ricardo
1059 4158 1102 4222 de
1123 4158 1245 4233 Oxon',
1261 4159 1415 4241 Johanne
1430 4159 1474 4223 de

213 4262 302 4325 Herl’
334 4274 368 4325 et
401 4263 557 4346 Philippo
586 4262 630 4325 de
662 4262 885 4344 Langeporte,
915 4262 1050 4325 clericis
1113 4262 1203 4325 Data
1238 4282 1297 4343 per
1332 4283 1469 4326 manum

210 4365 374 4447 Johannis
398 4366 442 4431 de
472 4368 628 4432 Tantone
654 4367 841 4449 cappellani
867 4368 956 4449 apud
991 4367 1174 4448 Eylesbire,
1202 4367 1353 4431 kalendis
1381 4367 1470 4448 Julii,

213 4470 428 4553 pontificatus
445 4474 548 4535 nostri
565 4492 655 4535 anno
672 4495 726 4535 xv.

211 4728 281 4791 [The
296 4730 456 4782 instr'tutrim
473 4729 510 4797 of
515 4730 594 4796 John
611 4730 645 4782 de
666 4730 841 4796 Tumpeston’
853 4735 880 4779 to
891 4728 936 4781 tlte
948 4728 1049 4782 church
1060 4730 1096 4797 os
1106 4728 1260 4789 Warkton,·
1270 4728 1374 4795 sulm,
1388 4745 1474 4793 1224,·

274 4827 317 4864 see
329 4816 361 4879 p.
375 4812 444 4879 nd]

299 4922 787 4999 warnerum-Omnibus,
802 4934 863 4986 etc.
912 4922 1050 4985 Noverit
1072 4922 1269 4984 universitas
1285 4932 1395 4984 vestra
1412 4942 1472 4983 nos

215 5026 255 5088 ad
281 5028 565 5109 presentationem
592 5028 704 5091 dilecti
736 5027 768 5089 in
801 5026 934 5090 Christo
960 5026 1105 5089 Abbatis
1132 5026 1239 5088 sancti
1269 5024 1472 5102 Eadmundi,
