3609 5642
607 568 786 664 Episcopi
799 567 1085 641 Lineolnrensis.
1428 572 1474 660 67

218 817 330 886 nante,
347 828 405 891 per
420 828 486 891 que
500 809 683 890 negotium,
698 817 769 886 etc.,
784 808 827 871 ad
844 808 987 872 eandem
1005 809 1159 872 vicariam
1179 808 1345 871 admissus
1365 817 1425 885 est,
1440 818 1475 872 et

219 912 254 974 in
277 911 396 975 eadem
421 932 496 975 cum
519 931 621 976 onere
643 921 677 975 et
701 932 788 994 pena
803 913 998 975 vicariorum
1015 913 1156 975 vicarius
1179 921 1359 995 perpetuus
1382 913 1475 975 insti·

218 1025 318 1080 tutus
366 1015 412 1080 Et
436 1015 633 1079 mandatum
656 1025 708 1078 est
733 1015 788 1092 M.‚
812 1015 1061 1078 Archidiacono
1089 1015 1415 1098 Buckinghamiensi,
1438 1025 1475 1082 ut

218 1119 338 1202 ipsum,
353 1129 425 1195 etc.,
441 1119 631 1202 provisurus
647 1118 737 1200 quod
761 1138 898 1182 mansus
913 1128 1108 1201 competens
1129 1127 1164 1182 et
1184 1129 1294 1183 cetera
1316 1120 1348 1182 in
1371 1120 1475 1202 ipsius

217 1223 340 1286 vicarie
355 1222 564 1286 ordinatione
580 1231 740 1286 contenta
755 1223 818 1306 ipsi
835 1223 957 1286 vicario
972 1221 1191 1304 assignentur.

218 1391 365 1460 [Menates
375 1391 410 1445 de
420 1392 533 1451 Estone.
546 1391 684 1462 clreplain,
692 1391 843 1460 presented
848 1393 881 1461 by
891 1393 938 1445 tlte
954 1392 1081 1446 Pnoress
1096 1391 1157 1445 and
1169 1392 1294 1445 Convent
1307 1392 1344 1460 of
1358 1391 1475 1462 Gonng.

282 1475 308 1526 is
319 1474 466 1528 instituted
474 1480 501 1527 to
512 1474 558 1528 tlte
563 1474 713 1542 perpetual
728 1475 860 1543 vr‘carage
876 1475 913 1543 of
924 1473 1044 1528 Stanton
1060 1475 1162 1542 Barry.
1196 1474 1241 1528 He
1258 1474 1283 1528 is
1299 1480 1327 1527 to
1344 1474 1416 1528 have
1431 1475 1477 1528 the

283 1571 379 1610 nranse
388 1555 451 1609 and
458 1557 529 1624 croft
536 1555 628 1609 which
640 1571 699 1608 was
710 1556 845 1624 assegned
853 1560 880 1608 to
885 1556 965 1623 John
976 1556 1021 1608 lens
1025 1555 1218 1624 predecessor]

306 1675 515 1741 STANTONE
532 1675 935 1740 VICARIA.-Nicholaus
950 1675 993 1739 de
1010 1674 1148 1751 Estona,
1164 1674 1389 1757 cappellanus,
1402 1695 1475 1757 pre-

217 1790 369 1844 sentatus
390 1802 449 1863 per
465 1781 659 1844 Priorissam
683 1791 717 1844 et
739 1791 942 1845 conventum
959 1781 1002 1845 de
1025 1780 1189 1863 Garinges
1212 1779 1254 1843 ad
1279 1790 1475 1862 perpetuam

217 1884 375 1948 vicariam
396 1885 534 1948 ecclesie
550 1884 592 1948 de
612 1884 786 1961 Stantone,
802 1884 990 1948 ordinatam
1007 1884 1206 1947 auctoritate
1222 1882 1371 1961 Concilii,
1387 1884 1476 1949 facta

218 1989 309 2070 prius
329 1989 543 2070 inquisitione
566 2008 624 2070 per
650 1987 704 2064 M.,
721 1987 1005 2051 Archidiaconum
1032 1987 1402 2068 Buckinghamiensem,
1418 2010 1477 2071 per

218 2112 330 2174 quam,
350 2102 420 2168 etc.,
440 2092 482 2155 ad
503 2091 644 2155 eandem
665 2091 831 2154 admissus
851 2102 911 2169 est,
930 2102 964 2155 et
985 2093 1017 2154 in
1038 2112 1086 2168 ea,
1106 2111 1182 2154 cum
1203 2110 1303 2154 onere
1329 2101 1364 2154 et
1389 2112 1477 2174 pena

218 2196 426 2272 vicariorum,
441 2196 582 2259 vicarius
606 2207 785 2277 perpetuus
808 2197 988 2259 institutus
1036 2195 1082 2258 Et
1101 2193 1287 2276 injunctum
1309 2204 1361 2258 est
1383 2194 1475 2259 dicto

220 2298 469 2362 Archidiacono
496 2299 642 2383 presenti
670 2309 715 2374 ut,
735 2309 806 2376 etc.,
825 2310 860 2363 et
880 2310 918 2363 ut
937 2298 1112 2381 provideat
1130 2298 1221 2380 quod
1242 2318 1378 2361 mansus
1398 2320 1474 2363 cum

218 2401 326 2466 crofta
340 2402 495 2485 Johanni,
511 2402 735 2486 predecessori
751 2423 821 2478 su0,
837 2403 870 2465 in
887 2403 982 2465 initio
995 2403 1183 2485 assignatus
1196 2422 1271 2464 cum
1284 2401 1476 2484 integritate

218 2505 328 2569 eidem
346 2506 377 2569 N
381 2507 510 2570 icholao
526 2507 721 2588 assignetur.

218 2675 309 2744 [Alan
325 2676 360 2729 de
373 2676 605 2745 Burminghame,
619 2679 758 2747 chaplain,
765 2675 916 2744 presented
927 2676 960 2744 by
971 2675 1017 2728 tlte
1027 2675 1114 2729 Prn‘or
1127 2675 1189 2728 and
1199 2673 1326 2728 Conveni
1339 2675 1375 2743 of
1387 2673 1478 2729 Sand-

284 2757 352 2810 well
361 2763 389 2810 to
400 2758 446 2811 tlte
451 2759 564 2826 portion
577 2760 612 2827 of
624 2761 742 2812 Thomas
753 2759 788 2812 de
798 2758 942 2810 Bardneia
955 2760 986 2810 in
1003 2758 1048 2811 the
1064 2757 1165 2810 churcle
1182 2757 1218 2825 of
1223 2756 1436 2825 Ellesborongle,
1453 2758 1479 2809 e's

282 2840 430 2893 instituted
436 2843 541 2907 parson
552 2841 664 2908 thereos.
699 2843 777 2895 Alere
788 2840 822 2894 de
833 2839 1019 2901 Maidewelle,
1036 2839 1145 2908 lene'glet,
1163 2838 1320 2893 renounced
1333 2839 1379 2892 his
1394 2839 1478 2893 clar'rn

283 2928 311 2975 to
322 2921 368 2975 the
378 2921 531 2975 advmvson
542 2923 578 2991 of
584 2923 647 2976 that
656 2922 791 2991 mediety.]

310 3041 717 3107 ESELBERGE.—Alanus
741 3042 783 3106 de
808 3041 1080 3124 Burminghame,
1100 3039 1325 3123 cappellanus
1344 3060 1477 3122 presen-

218 3155 310 3209 tatus
333 3166 392 3227 per
416 3146 562 3210 Priorem
586 3156 621 3210 et
644 3157 844 3210 conventum
862 3145 905 3210 de
929 3145 1118 3211 Sandwelle
1141 3145 1184 3208 ad
1208 3145 1478 3227 portionemque

218 3248 281 3312 fuit
304 3249 457 3332 Magistri
482 3249 614 3314 Thome
630 3250 673 3314 de
697 3249 883 3313 Bardeneia
907 3249 940 3311 in
963 3250 1103 3313 ecclesia
1118 3248 1161 3311 de
1183 3247 1374 3329 Eselberge,
1390 3247 1478 3310 sacta

219 3353 310 3436 prius
326 3353 541 3434 inquisitione
560 3374 619 3436 per
636 3353 691 3430 M,
709 3352 993 3417 Archidiaconum
1012 3352 1378 3435 Bugkinghamiensem
1395 3350 1477 3434 [sie],

220 3455 333 3519 Alano
356 3455 524 3530 etiamde
549 3455 767 3532 Maidewelle,
791 3456 906 3532 milite,
929 3456 1146 3539 appellationi
1175 3476 1234 3518 sue
1257 3455 1479 3532 renuntiante,

218 3579 320 3643 quam
338 3580 437 3642 super
452 3560 602 3640 ejusdem
621 3560 810 3624 medietatis
826 3561 1046 3624 advocatione
1062 3561 1315 3642 interposuerat,
1328 3579 1388 3640 per
1402 3579 1477 3640 que,

218 3673 291 3738 etc.,
317 3663 361 3726 ad
386 3664 529 3727 eandem
554 3663 720 3727 admissus
746 3673 806 3741 est,
833 3677 867 3727 et
895 3665 928 3726 in
955 3665 1084 3740 eadem,
1111 3663 1174 3726 sub
1200 3683 1301 3726 onere
1326 3672 1361 3725 et
1391 3682 1478 3744 pena

220 3766 427 3842 vicariorum,
442 3767 604 3830 canonice
619 3787 762 3849 persona
779 3768 957 3831 institutus.
1005 3768 1051 3831 Et
1067 3767 1254 3847 injunctum
1276 3775 1328 3829 est
1352 3765 1476 3847 Magis-

219 3880 271 3935 tro
289 3869 326 3932 L
343 3863 423 3952 [sic],
440 3869 627 3934 Officialem
644 3870 725 3934 dicti
743 3870 990 3947 Archidiaconi,
1006 3881 1052 3946 ut,
1067 3880 1128 3934 etc.

219 4039 331 4109 [Prion
342 4039 376 4092 de
389 4038 474 4108 Crof,
486 4039 655 4105 neb-deucere,
662 4040 811 4109 presented
819 4041 853 4109 by
869 4041 995 4094 Wlle'am
1006 4056 1057 4093 son
1067 4040 1103 4107 os
1115 4039 1242 4099 Warren,
1253 4040 1285 4090 in
1296 4037 1379 4106 rn‘gld
1392 4039 1428 4106 os
1434 4037 1480 4090 leis

284 4122 359 4190 wrfe,
371 4122 471 4190 Agnes
480 4121 515 4174 de
530 4121 657 4186 Wahille,
673 4129 700 4176 to
711 4123 756 4176 tlte
770 4123 871 4177 cinrcle
888 4124 925 4191 os
930 4124 1098 4183 Ravenston,
1116 4121 1186 4174 void
1200 4120 1234 4188 by
1244 4119 1291 4172 tlte
1305 4120 1478 4187 resngnation

284 4203 400 4272 ofJoIen
411 4219 460 4256 son
472 4203 510 4271 os
518 4203 623 4267 Warn'n,
636 4204 714 4268 clerk,
728 4204 909 4258 isinstitnted
919 4204 1026 4257 thereto.
1065 4202 1122 4255 Tite
1132 4203 1264 4270 vicarage
1279 4202 1315 4270 of
1325 4200 1432 4253 Walter
1445 4201 1479 4254 de

285 4285 466 4349 Ravenstone,
480 4287 632 4354 consesting
643 4287 679 4355 of
686 4286 733 4339 tlte
744 4286 835 4339 whole
845 4286 953 4349 churrh,
966 4288 991 4338 is
1001 4284 1135 4345 reserved,
1146 4283 1283 4354 subfectto
1293 4300 1311 4337 a
1316 4284 1437 4351 pennen
1448 4282 1484 4351 of

286 4366 638 4437 pstorhesaidl'nilqn]

309 4487 825 4571 RAVENESTONE.—Philippus
844 4487 887 4551 de
903 4487 1005 4564 Crol’,
1020 4485 1253 4563 subdiaconus,
1269 4491 1478 4568 presentatus

222 4611 282 4674 per
320 4590 526 4655 Willelmum
565 4590 669 4655 filium
709 4591 846 4668 warini,
884 4592 1034 4668 militem,
1071 4591 1208 4654 rationis
1249 4589 1394 4672 Agnetis
1435 4585 1479 4650 de

223 4693 379 4770 Wahilla,
403 4695 518 4758 uxoris
541 4715 609 4772 sue,
631 4695 674 4758 ad
698 4695 872 4760 ecclesiam
896 4695 939 4759 de
963 4695 1206 4770 Ravenestone,
1221 4702 1396 4756 vacantem
1420 4710 1480 4773 per

223 4798 482 4882 resignationem
507 4798 670 4880 Johannis
698 4799 755 4863 filii
782 4799 921 4876 Warini,
946 4799 1066 4876 clerici,
1093 4798 1214 4861 laetam
1244 4795 1418 4859 Londiniis
1444 4793 1478 4856 in

222 4921 322 4965 manu
340 4901 468 4965 domini
491 4901 659 4984 Episcopi,
676 4902 764 4967 sacta
788 4903 877 4985 prius
897 4903 1112 4984 inquisitione
1132 4922 1190 4984 per
1210 4899 1409 4982 Magistrum
1432 4897 1479 4974 L,

223 5003 411 5071 Officialem
444 5004 682 5070 Archidiaconi
721 5006 1066 5092 Buckinghamiensis,
1097 5025 1156 5089 per
1192 5023 1303 5087 quam,
1333 5011 1404 5077 etc.,
1434 4999 1477 5063 ad
1529 5081 1533 5090 Ι

1333 5103 1391 5156 1²2
