3609 5642
349 513 417 613 rio
696 537 832 611 Rutuli
845 537 1024 635 Hugonis
1049 540 1093 611 de
1119 539 1251 613 Welles

346 779 620 862 Norhamptonie,
637 799 696 861 per
717 798 828 861 quam,
850 787 922 854 etc,
945 778 988 842 ad
1011 778 1154 843 eandem
1177 778 1343 843 admissus
1365 790 1425 858 est,
1447 789 1481 844 et
1505 781 1539 843 in
1562 801 1602 844 ea

343 884 501 947 canonice
530 903 671 965 persona
702 883 881 959 institutus,
902 882 994 945 salva
1025 882 1102 945 inde
1126 883 1223 947 dictis
1255 884 1404 965 patronis
1429 883 1544 947 debita
1567 894 1601 947 et

343 987 482 1068 antiqua
498 988 664 1069 pensione.
712 986 757 1049 Et
773 985 970 1048 mandatum
987 995 1037 1048 est
1054 985 1163 1050 eidem
1182 987 1430 1050 Archidiacono
1445 997 1491 1063 ut,
1505 998 1568 1051 etc.

341 1364 464 1431 [Gilbm
472 1363 506 1416 de
516 1363 638 1424 Parcen’.
649 1364 817 1427 sub-deacon,
825 1364 975 1432 presented
983 1364 1016 1431 by
1028 1364 1073 1417 the
1083 1363 1173 1417 Abbot
1181 1364 1242 1417 and
1259 1364 1385 1417 Conveni
1398 1366 1434 1433 os
1447 1364 1599 1430 Olvestom

406 1446 496 1509 Lais..
516 1446 593 1513 after
607 1460 625 1497 a
643 1445 752 1513 despuite
771 1446 854 1499 about
871 1446 917 1499 ttze
929 1450 1095 1514 patrmmge.
1117 1448 1142 1498 is
1164 1447 1312 1499 instituted
1330 1452 1357 1499 to
1379 1446 1425 1499 the
1447 1446 1548 1499 cluerctt
1571 1447 1607 1514 of

411 1528 571 1588 Tickencote.
585 1527 734 1595 tenuant]

427 1655 886 1720 TYKENCOTE.—Gilbertus
905 1655 948 1720 de
976 1656 1117 1734 Parcen',
1137 1657 1370 1733 subdiaconus,
1390 1666 1600 1739 presentatus

340 1782 399 1843 per
430 1760 600 1823 Abbatem
638 1771 672 1822 et
709 1770 910 1823 conventum
941 1759 983 1823 de
1015 1760 1239 1824 Osulvestone
1269 1760 1312 1823 ad
1351 1760 1525 1823 ecclesiam
1557 1760 1600 1823 de

339 1863 545 1947 Tykencote,
572 1863 660 1926 sacta
690 1864 780 1946 prius
812 1863 1025 1945 inquisitione
1056 1884 1115 1945 per
1137 1862 1174 1945 J.,
1199 1863 1485 1926 Archidiaconum
1515 1863 1599 1925 Nor-

340 1969 542 2051 hamptonie,
557 1978 591 2030 et
607 1968 748 2049 receptis
764 1966 881 2030 litteris
896 1965 1025 2029 domini
1047 1966 1158 2049 Regis,
1174 1965 1264 2049 quod
1285 1968 1441 2029 convenit
1458 1967 1490 2029 in
1509 1967 1601 2029 curia

339 2093 399 2135 sua
415 2092 525 2135 coram
541 2071 732 2152 justiciariis
748 2072 815 2133 suis
834 2070 1066 2133 itinerantibus
1084 2051 1116 2133 in
1133 2070 1292 2133 comitatu
1311 2069 1499 2133 Rotelande
1516 2072 1601 2133 inter

341 2176 525 2239 Robertum
537 2174 710 2239 Grimbald
726 2185 760 2237 et
773 2174 979 2237 Willelmum
997 2174 1027 2236 le
1044 2174 1170 2237 Daneis
1183 2184 1368 2256 querentes
1384 2184 1418 2237 et
1429 2174 1600 2238 Abbatem

337 2279 381 2343 de
404 2279 636 2355 Osulvestone‚
660 2278 907 2361 impedientem,
930 2278 973 2342 de
996 2278 1216 2341 advocatione
1244 2278 1383 2341 ecclesie
1405 2277 1448 2341 de
1471 2277 1602 2361 Tykin-

338 2392 422 2459 cote,
446 2381 533 2445 unde
558 2382 739 2465 recognitio
762 2383 865 2445 assise
889 2382 1006 2445 ultime
1029 2382 1286 2465 presentationis
1310 2382 1515 2445 summonita
1540 2381 1603 2444 luit

340 2488 426 2549 inter
453 2506 511 2549 eos
542 2486 574 2547 in
605 2484 747 2549 eandem
779 2486 878 2561 curia,
902 2485 1028 2549 scilicet
1055 2485 1144 2567 quod
1178 2484 1345 2567 predictus
1373 2484 1542 2547 Robertus
1567 2497 1603 2548 et

339 2589 528 2654 Willelmus
547 2600 812 2671 recognoverunt
831 2588 1087 2653 advocationem
1110 2589 1258 2671 predicte
1277 2589 1414 2653 ecclesie
1435 2610 1511 2651 curn
1528 2610 1603 2671 per·

339 2695 488 2757 tinentiis
506 2714 579 2757 esse
596 2694 650 2775 jus
672 2694 774 2777 ipsius
796 2692 940 2757 Abbatis
961 2704 995 2756 et
1015 2694 1152 2756 ecclesie
1172 2714 1231 2757 sue
1250 2693 1292 2757 de
1313 2693 1546 2771 Osulvestone,
1567 2704 1602 2757 et

340 2798 429 2862 illam
455 2799 650 2862 remiserunt
673 2808 706 2861 et
730 2798 876 2879 quietam
902 2797 1129 2860 clamaverunt
1153 2796 1196 2861 de
1219 2819 1254 2861 se
1275 2807 1309 2860 et
1333 2796 1510 2861 heredibus
1533 2798 1602 2859 suis

341 2904 402 2987 ipsi
428 2903 554 2966 Abbati
578 2912 613 2965 et
639 2901 883 2965 successoribus
911 2902 978 2964 suis
1005 2910 1037 2964 et
1062 2901 1200 2965 ecclesie
1227 2923 1285 2965 sue
1309 2901 1352 2965 de
1377 2901 1602 2965 Osulvestone

342 3008 373 3070 in
399 3016 606 3088 perpetuum,
632 3026 691 3088 per
720 3027 794 3088 que,
818 3015 888 3081 etc,
915 3005 957 3067 ad
989 2998 1130 3068 ean'dem
1162 3006 1327 3069 admissus
1356 3016 1416 3081 est,
1440 3016 1474 3068 et
1502 3006 1535 3067 in
1562 3025 1602 3067 ea

342 3110 500 3173 canonice
531 3129 673 3192 persona
704 3109 882 3171 institutus.
931 3108 975 3171 Et
1000 3108 1195 3171 mandatum
1219 3120 1270 3172 est
1293 3110 1400 3172 eidem
1426 3108 1601 3172 Archidia·

341 3233 427 3276 cono
442 3222 488 3289 ut,
503 3224 564 3277 etc.

342 3486 485 3553 [Wlleizm
496 3488 531 3541 de
546 3486 678 3546 Wwelle.
689 3484 858 3543 suideacon.
866 3486 1015 3552 presented
1023 3486 1056 3554 by
1069 3486 1168 3538 Robeet
1176 3484 1210 3538 de
1221 3486 1374 3545 Albinium.
1386 3486 1412 3537 is
1422 3485 1567 3538 instituted
1575 3490 1602 3537 to

405 3570 451 3622 tlte
461 3568 562 3621 chureii
574 3569 610 3636 os
620 3568 805 3630 lVointanton,
818 3566 966 3633 Rutland]

430 3694 947 3761 NORMANToue.-Willelmus
966 3694 1008 3758 de
1032 3695 1191 3772 Wiwelle,
1214 3696 1445 3770 subdiaconus
1469 3716 1602 3778 presen-

342 3811 432 3865 tatus
458 3821 516 3881 per
541 3800 725 3861 Robertum
753 3800 795 3863 de
817 3800 996 3862 Albiniaco
1022 3800 1064 3862 ad
1092 3799 1265 3862 ecclesiam
1291 3800 1334 3864 de
1362 3800 1602 3875 Normantone,

342 3905 429 3967 sacta
454 3904 542 3985 prius
566 3903 780 3984 inquisitione
804 3924 862 3985 per
883 3904 921 3985 J.,
940 3902 1222 3966 Archidiaconum
1250 3902 1527 3985 Norhamptonie,
1544 3924 1602 3985 per

341 4028 452 4091 quam,
479 4016 550 4083 eto,
575 4007 617 4070 ad
648 4006 790 4070 eandem
821 4007 988 4070 admissus
1018 4018 1077 4083 est,
1100 4018 1133 4069 et
1158 4008 1191 4070 in
1214 4028 1255 4071 ea
1277 4008 1435 4070 canonice
1461 4027 1603 4089 persona

342 4113 521 4175 institutus.
570 4111 614 4173 Et
631 4110 827 4174 mandatum
844 4122 895 4174 est
911 4110 1020 4174 eidem
1040 4111 1287 4175 Archidiacono
1303 4122 1348 4188 ut,
1364 4122 1425 4174 etc.

906 4318 1036 4331 ἡ

342 4456 482 4519 [Wlliam
499 4456 534 4509 de
550 4455 701 4518 Albinium,
720 4456 837 4524 nephew
852 4456 888 4522 of
898 4455 999 4522 Philip
1014 4456 1049 4508 de
1064 4456 1217 4518 Albintizco.
1233 4456 1382 4523 presented
1396 4455 1428 4523 by
1449 4456 1496 4507 tlte
1514 4456 1601 4523 King,

407 4540 432 4591 is
442 4538 588 4591 instituted
596 4543 624 4590 to
634 4540 681 4590 tlte
691 4538 791 4592 churcli
803 4540 839 4607 os
853 4538 983 4607 Gaytone]

429 4666 858 4731 GAYTONE.-Willelmus
882 4666 926 4729 de
958 4666 1135 4730 Albiniaco
1170 4664 1313 4749 [blank],
1338 4686 1442 4748 nepos
1473 4666 1601 4731 domini

345 4768 488 4851 Philippi
511 4768 554 4832 de
577 4768 764 4847 Albiniaco,
787 4778 998 4852 presentatus
1021 4769 1063 4831 ad
1091 4770 1266 4834 ecclesiam
1289 4770 1332 4833 de
1356 4770 1514 4851 Gaytone
1546 4792 1603 4853 per

342 4873 516 4936 dominum
538 4872 676 4955 Regem,
697 4874 823 4936 ratione
846 4884 931 4937 terre
952 4872 1119 4937 Advocati
1142 4872 1184 4935 de
1205 4874 1345 4936 Betuine
1365 4874 1397 4935 in
1420 4893 1521 4936 manu
1543 4894 1602 4937 sua

342 4985 423 5039 tunc
452 4976 637 5053 existentis,
669 4977 756 5039 facta
788 4977 876 5059 prius
908 4978 1121 5059 inquisitione
1160 4996 1218 5059 per
1247 4976 1285 5058 J.,
1317 4976 1599 5041 Archidiaconum
