3609 5642
577 552 755 649 Episcopi
769 552 1053 625 Lincolniensz's.
1375 578 1393 625 2
1400 576 1440 647 51

184 790 312 855 redditu
341 804 476 877 septem
500 794 681 858 solidorum
705 805 740 859 et
762 794 817 857 viii
841 794 1054 858 denariorum
1078 794 1121 857 de
1146 793 1316 878 Hospitali
1340 794 1446 859 sancti

182 897 306 978 Jacobi,
321 898 391 962 sito
408 899 442 961 in
458 898 576 962 eadem
594 898 776 981 parrochia,
785 908 820 961 et
832 920 883 961 xx
893 897 1137 981 den[ari0rum]
1153 898 1195 961 de
1205 898 1291 963 tosto
1305 898 1446 963 Arnaldi

183 1003 212 1065 le
226 1004 377 1086 Tippere
394 1005 568 1069 annuatim
586 1003 799 1087 percipiendo
813 1025 820 1079 ;
844 1004 924 1065 item
942 1003 975 1065 in
992 1003 1132 1067 decimis
1141 1002 1320 1087 garbarum
1330 1012 1365 1067 et
1381 1002 1447 1066 feni

182 1108 222 1171 de
244 1107 304 1170 xiii
330 1109 472 1190 virgatis
487 1118 573 1171 terre
596 1108 800 1190 subscriptis,
815 1108 972 1171 videlicet
987 1108 1030 1171 de
1044 1106 1186 1171 dimidia
1209 1110 1339 1191 virgata
1362 1118 1448 1171 terre

183 1210 326 1275 Edward
357 1211 388 1275 le
405 1212 603 1289 Neubonde,
619 1213 662 1276 de
684 1212 824 1276 dimidia
846 1213 977 1294 virgata
1000 1222 1085 1275 terre
1102 1210 1293 1275 Battehulle
1309 1212 1385 1295 [etc.
1410 1232 1447 1273 as

181 1314 284 1378 above
299 1335 332 1398 p.
346 1329 410 1395 235
426 1326 462 1378 to
473 1321 489 1347 “
496 1316 524 1377 F
525 1315 697 1399 ulkonis''].
737 1315 924 1381 Sustinebit
936 1325 1048 1379 autem
1063 1335 1206 1397 persona
1218 1318 1335 1380 omnia
1346 1335 1449 1379 onera

182 1418 352 1483 ordinaria
382 1419 508 1483 dictam
539 1420 714 1485 ecclesiam
744 1420 983 1503 contingentia,
1008 1419 1124 1483 debita
1147 1429 1180 1483 et
1204 1428 1388 1496 consueta;
1414 1429 1449 1481 et

183 1522 388 1586 ministrabit
404 1524 621 1606 personaliter
630 1525 664 1589 in
674 1524 801 1588 eadem.
848 1524 902 1587 De
914 1522 1070 1587 oneribus
1080 1544 1156 1585 vero
1169 1521 1449 1586 extraordinariis

182 1626 258 1691 dicti
283 1628 446 1691 monachi
470 1649 530 1712 pro
554 1630 708 1711 portione
731 1650 791 1692 sua
815 1627 1085 1711 respondebunt;
1110 1627 1210 1691 salvis
1235 1639 1297 1691 etc.
1345 1626 1447 1711 Quod

183 1741 217 1793 ut
238 1743 313 1810 etc,
336 1726 482 1796 testibus
504 1743 538 1796 et
561 1732 642 1796 data
664 1743 700 1795 ut
720 1735 753 1796 in
777 1744 868 1796 carta
893 1732 1047 1815 Magistri
1073 1730 1213 1796 Roberti
1240 1752 1383 1815 persone
1405 1730 1449 1795 de

184 1834 324 1899 Grauele
349 1835 383 1899 in
398 1835 670 1900 archidiaconatu
690 1835 955 1919 Huntingdonie.

185 2220 287 2289 [Grani
294 2222 331 2291 by
343 2222 389 2275 tae
400 2220 509 2289 aaron
520 2227 547 2275 to
559 2223 604 2276 tlte
614 2239 717 2276 canons
727 2224 764 2291 of
769 2223 889 2277 Lr'ncoln
902 2223 938 2291 of
946 2240 967 2289 5
978 2223 1074 2275 nrarks
1084 2237 1102 2274 a
1114 2237 1186 2290 year
1197 2223 1276 2287 from
1289 2222 1335 2277 the
1346 2224 1449 2276 churclr

243 2304 463 2373 osBrocklesby,
476 2305 573 2369 Lines,
585 2305 647 2358 and
654 2323 688 2371 45
700 2306 794 2358 marks
801 2306 884 2372 from
900 2304 1077 2367 Hamblelon,
1091 2304 1224 2369 Rutland,
1237 2306 1268 2357 in
1283 2311 1449 2375 augmenta·

244 2389 303 2440 aba
316 2388 357 2455 os
363 2387 438 2442 their
446 2387 612 2457 rmnmuna]

268 2509 481 2572 BROCELBY.
530 2506 1017 2572 HAMELIDONE.—Omnibus
1040 2516 1100 2571 etc.
1148 2507 1289 2571 Noverit
1318 2507 1447 2572 univer·

186 2613 261 2674 sitas
276 2623 393 2675 vestra
408 2631 469 2674 nos
485 2632 545 2694 pro
560 2612 668 2675 salute
683 2612 794 2675 anime
810 2622 922 2676 nostre
938 2621 972 2675 et
994 2620 1243 2674 antecessorum
1261 2623 1295 2675 et
1318 2632 1447 2675 succes·

186 2736 292 2779 sorum
310 2724 502 2777 nostrorum
520 2714 562 2778 ad
587 2716 747 2778 honorem
766 2716 829 2778 Dei
853 2725 887 2778 et
910 2714 1053 2797 gloriose
1069 2714 1228 2797 Virginis,
1243 2714 1287 2777 de
1310 2736 1446 2779 assensu

188 2819 347 2883 Willelmi
364 2819 492 2883 Decani
508 2829 542 2882 et
563 2819 699 2900 capituli
723 2820 827 2883 nostri
854 2818 1014 2895 Lincoln',
1031 2820 1235 2882 concessisse
1257 2829 1291 2883 et
1315 2818 1448 2883 dedisse

188 2925 218 2987 in
233 2925 383 2999 liberam,
400 2944 517 3007 puram
533 2934 568 2987 et
584 2932 780 3006 perpetuam
796 2924 1017 2987 elemosinam
1034 2924 1205 2987 canonicis
1228 2924 1353 2987 ibidem
1373 2924 1448 2989 Deo

188 3028 405 3092 servientibus
420 3038 454 3091 et
470 3028 639 3090 servituris
660 3028 693 3089 in
718 3037 919 3110 perpetuum
943 3036 1162 3111 augmentum
1187 3048 1366 3091 commune
1389 3049 1448 3092 sue

188 3152 257 3195 cum
275 3132 427 3215 quinque
444 3132 563 3193 marcis
579 3130 621 3194 de
636 3130 777 3194 ecclesia
792 3130 834 3193 de
852 3129 1017 3213 Brocleby
1032 3131 1114 3193 alias
1130 3130 1193 3193 sibi
1218 3150 1276 3213 per
1293 3152 1353 3193 nos
1369 3152 1447 3193 con-

149 3275 153 3284 ·
188 3238 292 3312 cessis,
315 3234 541 3317 quadraginta
571 3236 718 3316 quinque
750 3255 878 3297 marcas
908 3233 951 3298 de
981 3234 1120 3297 ecclesia
1151 3234 1193 3297 de
1222 3234 1448 3299 Hamelidone

188 3359 257 3402 cum
274 3340 436 3422 proximo
451 3339 618 3403 vacaverit
633 3339 808 3402 annuatim
826 3339 858 3401 in
875 3338 1008 3402 duobus
1024 3339 1101 3401 anni
1118 3338 1279 3415 terminis,
1292 3338 1446 3403 videlicet

189 3444 217 3505 in
233 3443 322 3507 sesto
337 3443 445 3506 sancti
463 3442 599 3506 Martini
616 3443 690 3505 xxii
708 3464 837 3506 marcas
853 3452 887 3506 et
910 3442 1095 3519 dimidiam,
1111 3453 1146 3505 et
1168 3443 1201 3505 in
1226 3441 1312 3505 festo
1329 3444 1447 3507 Pente-

188 3548 262 3611 cost'
288 3548 365 3611 xxii
393 3567 521 3609 marcas
545 3557 580 3611 et
604 3546 788 3622 dimidiam,
813 3545 991 3609 solvendas
1018 3546 1107 3629 apud
1138 3546 1346 3610 Lincolniam
1375 3567 1448 3629 pre-

189 3653 295 3732 posito
310 3670 490 3713 commune
504 3671 562 3732 per
574 3670 693 3713 manus
703 3670 828 3727 eorum,
840 3651 896 3732 qui
914 3670 974 3732 pro
985 3662 1136 3733 tempore
1148 3650 1254 3732 ipsam
1271 3649 1445 3713 ecclesiam

189 3756 362 3832 tenuerint,
378 3754 573 3818 instituendi
589 3775 648 3837 per
663 3774 724 3817 nos
739 3765 773 3817 et
793 3774 1001 3817 successores
1021 3765 1160 3829 nostros,
1177 3763 1337 3836 patronos
1360 3752 1447 3833 ejus-

189 3857 271 3936 dem,
286 3858 344 3940 qui
368 3856 412 3921 de
436 3857 508 3940 ipsa
527 3857 668 3921 ecclesia
687 3868 722 3921 et
744 3858 901 3921 omnibus
918 3858 1129 3939 pertinentiis
1144 3858 1212 3919 suis
1228 3855 1447 3939 disponemus

189 3974 220 4023 ct
233 3960 464 4026 ordinabimus
480 3960 512 4024 in
530 3972 728 4043 perpetuum
753 3981 813 4043 pro
837 3961 1010 4025 voluntate
1027 3970 1140 4023 nostra
1162 3960 1263 4023 libere
1279 3969 1313 4023 et
1335 3960 1447 4041 quiete

189 4064 310 4147 abswe
344 4064 437 4127 omni
475 4063 748 4141 contradictione,
778 4065 871 4128 salvo
911 4065 1059 4148 predicte
1096 4084 1276 4128 commune
1314 4063 1445 4127 redditu

190 4177 373 4231 memorato
397 4168 571 4231 annuatim
595 4167 639 4230 de
663 4167 790 4231 eadem.
839 4169 1027 4232 Statuimus
1054 4178 1166 4231 autem
1193 4166 1282 4250 quod
1307 4167 1364 4248 qui
1384 4186 1445 4248 pro

190 4279 336 4354 tempore
352 4272 520 4335 tenuerint
537 4272 643 4353 ipsam
660 4268 899 4348 ecclesiam,'ut
919 4271 1105 4353 predictum
1122 4282 1182 4347 est,
1198 4279 1443 4335 sacramentum

191 4374 308 4440 iaciant
325 4374 497 4439 fidelitatis
514 4376 653 4438 Decano
676 4386 711 4439 et
733 4376 881 4458 capitulo
907 4376 1057 4438 Lincoln'
1073 4376 1115 4439 de
1140 4375 1270 4440 redditu
1294 4372 1446 4456 predicto

191 4478 312 4563 integre
327 4490 363 4543 et
378 4479 450 4541 sine
465 4479 687 4543 diminutione
703 4480 822 4562 aliqua,
839 4480 986 4563 periculo
1008 4490 1042 4543 et
1065 4478 1255 4562 sumptibus
1279 4487 1443 4541 rectorum

190 4583 378 4659 eorundem,
393 4583 544 4646 terminis
560 4584 717 4667 predictis
734 4584 964 4667 persolvendo,
975 4584 1192 4648 decernentes
1203 4585 1337 4666 insuper
1352 4582 1443 4664 quod

191 4687 215 4747 si
236 4687 355 4769 aliquis
379 4686 526 4769 ipsorum
552 4686 722 4750 maliciose
744 4698 862 4751 contra
884 4687 947 4750 hoc
972 4708 1119 4769 unquam
1136 4688 1248 4751 venire
1271 4706 1444 4769 presump-

191 4791 262 4854 serit
275 4801 312 4855 et
328 4790 479 4872 legitime
491 4792 716 4853 commonitus
740 4790 802 4853 hoc
818 4792 998 4855 emendare
1015 4792 1166 4867 noluerit,
1183 4792 1291 4872 ipsum
1310 4810 1367 4872 per
1384 4809 1445 4851 nos

192 4904 223 4956 et
235 4914 441 4959 successores
457 4905 588 4957 nostros
603 4896 647 4957 ab
662 4894 772 4957 officio
787 4905 822 4958 ct
837 4894 999 4958 beneficio
1015 4894 1142 4958 tamdiu
1158 4894 1226 4957 sore
1242 4912 1441 4975 suspensum

193 4995 292 5062 donec
328 5018 431 5081 super
467 4997 530 5061 hiis
561 4998 757 5062 satisfecerit
794 5008 1033 5080 competenter,
1064 4998 1181 5079 majori
1216 4998 1317 5060 etiam
1357 5016 1445 5079 pena
