3609 5642
329 709 497 718 ———-..

332 564 378 630 62
525 613 531 622 .
691 561 827 632 Rotule'
851 558 1028 656 Hugonis
1053 560 1097 632 de
1132 559 1263 632 Welles

326 793 431 862 [Ralph
450 795 483 848 de
500 795 682 864 Hilpestorpe,
708 795 847 864 chaplein,
867 795 1017 864 presented
1032 795 1066 863 by
1086 794 1176 853 Miles.
1192 798 1300 861 parson
1315 795 1351 862 os
1369 794 1416 847 the
1433 794 1533 847 chureh
1552 795 1589 862 os

391 875 518 945 Drayton
539 876 723 944 Beouchamp,
742 879 767 929 is
782 876 928 929 instituted
946 882 973 929 to
992 876 1038 929 the
1055 877 1187 944 meerege
1208 876 1320 944 thereos
1335 876 1404 928 with
1422 882 1533 928 consent
1552 878 1588 945 of

395 959 519 1044 Wlhiem
531 959 564 1012 de
575 959 654 1014 Bello
668 960 777 1028 Campo,
790 960 835 1013 the
840 964 953 1028 patron.
991 959 1049 1012 The
1059 959 1191 1027 mearage
1201 959 1226 1010 is
1235 963 1278 1011 set
1285 958 1352 1027 out]

324 1212 489 1285 pestorpe,
505 1203 730 1286 cappellanus
746 1213 957 1286 presentatus
981 1223 1040 1286 per
1058 1203 1229 1278 Milonem,
1246 1223 1422 1285 personam
1441 1205 1580 1288 ecclesie

325 1305 367 1368 de
392 1305 563 1385 Dreitone,
588 1307 630 1371 de
653 1328 816 1371 consensu
843 1307 1003 1371 Willelmi
1030 1308 1073 1371 de
1097 1308 1191 1371 Bello
1210 1307 1349 1387 Campo,
1373 1309 1514 1390 patroni,
1536 1309 1579 1372 ad

323 1409 479 1472 vicariam
503 1409 654 1490 ejusdem
678 1413 823 1488 ecclesie,
840 1411 929 1475 facta
953 1413 1042 1493 prius
1068 1412 1281 1493 inquisitione
1304 1432 1363 1494 per
1391 1411 1579 1476 Officialem

324 1511 673 1594 Bukinghamiensem,
699 1514 865 1578 admissus
894 1525 947 1579 est
973 1526 1007 1578 et
1030 1517 1170 1578 vicarius
1194 1525 1374 1597 perpetuus
1397 1516 1578 1580 institutus.

403 1091 803 1164 'DREITONE—Octavo
826 1099 998 1163 Kalendas
1026 1098 1183 1163 Octobris
1209 1098 1408 1181 Radulphus
1435 1099 1479 1163 de
1507 1099 1580 1162 Hil-

322 1615 484 1680 Consistit
500 1627 612 1682 autem
629 1617 719 1681 dicta
735 1619 857 1682 vicaria
876 1619 909 1681 in
930 1629 1003 1682 toto
1022 1618 1184 1700 altaragio
1206 1619 1309 1700 ipsius
1330 1618 1469 1682 ecclesie
1488 1629 1524 1683 et
1544 1621 1578 1682 in

309 1703 477 1778 ¹omnibus
503 1716 641 1780 decimis
668 1718 710 1781 ad
741 1718 883 1782 eandem
914 1719 1089 1782 ecclesiam
1121 1718 1373 1800 pertinentibus,
1404 1739 1469 1800 que
1500 1729 1579 1782 sunt

322 1820 408 1884 ultra
430 1820 608 1885 Waleweie
635 1844 679 1886 ex
704 1833 797 1905 parte
823 1804 1040 1900 meridionali,
1063 1833 1097 1886 et
1118 1825 1150 1886 in
1171 1822 1318 1905 quodam
1345 1843 1464 1886 manso
1487 1824 1578 1905 quod

320 1934 371 1988 est
387 1925 473 1986 inter
489 1925 687 1989 cimiterium
708 1936 743 1990 et
767 1947 919 1990 mansum
944 1927 1091 1990 ecclesie.
1140 1926 1185 1990 Et
1209 1926 1395 2008 injunctum
1419 1936 1471 1990 est
1486 1926 1578 1990 dicto

322 2026 475 2105 Officiali,
490 2038 551 2092 etc.

318 2239 440 2309 [Walter
448 2241 553 2302 Russel,
560 2243 708 2309 presented
716 2242 749 2311 by
762 2243 840 2310 John
852 2243 953 2296 Russel
968 2243 1001 2306 hv
1011 2244 1103 2296 virne
1118 2244 1154 2311 of
1165 2241 1211 2294 the
1226 2243 1371 2310 wardship
1387 2243 1423 2311 os
1434 2244 1479 2296 the
1496 2245 1579 2298 lands

383 2323 444 2376 arrd
452 2322 516 2376 heir
524 2322 663 2392 ‹essenies
680 2325 714 2377 de
726 2325 807 2378 Novo
818 2324 949 2386 Mercato,
960 2323 1022 2378 ond
1035 2325 1068 2392 by
1076 2324 1155 2390 John
1172 2323 1205 2376 de
1222 2323 1330 2376 Botrell
1345 2325 1376 2376 in
1392 2324 1474 2393 right
1487 2327 1524 2394 os
1533 2326 1579 2379 his

384 2405 457 2473 wisc,
470 2406 495 2458 is
513 2406 658 2458 instituted
674 2411 701 2458 to
719 2405 764 2459 the
786 2406 885 2460 chureh
904 2405 1129 2474 osHardwtche
1166 2405 1235 2464 Otte,
1253 2405 1298 2458 the
1319 2421 1369 2458 son
1391 2407 1427 2474 os
1444 2405 1575 2471 Wlliam,

383 2502 530 2540 renounces
548 2487 594 2540 his
611 2486 701 2549 cleriei,
728 2487 789 2540 end
805 2489 850 2540 the
868 2489 1000 2557 weamge
1018 2489 1054 2556 os
1066 2487 1160 2541 Adam
1180 2487 1225 2539 the
1244 2487 1375 2554 chaptoin
1397 2489 1422 2540 is
1440 2489 1576 2542 reserned.

389 2567 495 2621 Walter
503 2570 528 2622 is
539 2575 566 2622 to
577 2569 606 2621 he
617 2570 753 2622 ordoined
761 2569 929 2623 suhdeocen

410 2702 805 2770 HERDEWIC.—Eodem
836 2705 891 2767 die
922 2705 1090 2767 Walterus
1122 2703 1252 2780 Russel,
1277 2715 1487 2786 presentatus
1519 2727 1578 2789 per

319 2807 508 2889 Johannem
527 2807 657 2885 Russel,
674 2809 801 2871 ratione
817 2809 967 2871 custodie
983 2819 1068 2870 terre
1083 2818 1117 2870 et
1138 2806 1268 2870 heredis
1284 2807 1401 2888 Jacobi
1417 2809 1461 2872 de
1477 2809 1576 2872 Novo
1662 2879 1667 2887 ,

321 2911 473 2974 Mercato
497 2932 598 2994 quam
622 2912 733 2988 habet,
755 2921 789 2974 et
813 2932 871 2993 per
893 2911 1082 2992 Johannem
1106 2910 1149 2973 de
1173 2910 1307 2987 Botrell,
1331 2913 1461 2975 ratione
1483 2912 1575 2976 here·

320 3014 436 3079 ditatis
453 3016 569 3079 uxoris
585 3037 652 3092 sue,
669 3016 711 3079 ad
728 3015 901 3079 ecclesiam
919 3014 961 3078 de
979 3013 1164 3088 Herdewic,
1180 3013 1302 3091 Otone,
1318 3013 1386 3077 filio
1402 3015 1575 3093 Willelmi,

319 3121 376 3200 qui
390 3119 444 3200 jus
461 3120 524 3183 sibi
541 3119 730 3183 vendicavit
746 3119 780 3182 in
797 3118 852 3182 illa
867 3118 1017 3194 ecclesia,
1032 3117 1242 3181 renuntiante
1265 3119 1356 3201 prius
1376 3119 1486 3183 eidem
1501 3118 1576 3201 juri,

318 3233 352 3286 et
376 3222 465 3287 facta
489 3224 580 3306 prius
603 3223 816 3305 inquisitione
839 3243 898 3305 per
924 3220 1110 3286 Officialem
1137 3220 1488 3305 Bukinghamiensem,
1503 3236 1576 3300 etc,

317 3326 483 3390 admissus
510 3336 561 3390 est
592 3336 626 3390 et
656 3328 689 3389 in
720 3347 760 3390 ea
790 3327 949 3390 canonice
980 3345 1122 3408 persona
1153 3326 1333 3402 institutus,
1363 3327 1456 3390 salva
1488 3327 1574 3405 Ade,

317 3429 524 3513 cappellan0,
551 3429 795 3512 quoadvixerit,
817 3430 941 3492 vicaria
963 3449 1024 3492 sua
1046 3447 1147 3509 quam
1171 3427 1272 3492 habet
1296 3431 1329 3493 in
1352 3429 1479 3493 eadem.
1528 3431 1574 3494 Et

319 3534 505 3617 injunctum
531 3543 583 3597 est
609 3533 701 3596 dicto
728 3531 880 3609 Officiali,
905 3542 976 3608 etc,
1002 3529 1092 3613 quod
1120 3531 1303 3595 secundum
1331 3533 1472 3597 sormam
1501 3555 1573 3617 pre-

318 3639 464 3715 missam,
501 3647 563 3701 etc.
626 3636 720 3700 Idem
759 3646 872 3698 autem
912 3635 1080 3698 Walterus
1117 3634 1160 3698 ad
1204 3636 1400 3699 mandatum
1444 3637 1573 3701 domini

318 3742 478 3824 Episcopi
493 3742 605 3804 veniet
620 3739 825 3803 ordinandus
842 3741 874 3803 in
891 3738 1142 3802 subdiaconum.
1188 3739 1291 3803 Venit
1307 3739 1451 3821 quidem.

405 3845 461 3927 [ln
477 3845 529 3907 the
546 3844 677 3925 margin
692 3842 758 3925 :—]
781 3843 857 3906 Non
875 3843 1037 3906 habemus
1053 3843 1180 3906 litteras
1196 3845 1459 3925 presentationis„
1487 3905 1491 3916 ,

316 4064 433 4134 [Hem.
452 4065 588 4131 chaploin,
602 4062 751 4130 presented
765 4062 799 4131 by
814 4062 860 4115 the
879 4062 968 4115 Prior
982 4061 1042 4114 and
1060 4061 1187 4113 Conveni
1203 4061 1239 4129 os
1255 4061 1393 4128 Neuport
1407 4063 1536 4131 Pagnelt,
1549 4066 1575 4117 is

380 4146 526 4200 instituted
534 4152 561 4199 to
572 4146 619 4199 the
628 4146 778 4213 perpetual
786 4145 918 4212 vicarage
928 4146 964 4212 of
970 4142 1121 4196 Bredwelt.
1158 4142 1215 4195 The
1225 4143 1356 4212 veearage
1367 4145 1392 4196 is
1402 4150 1444 4197 set
1452 4146 1518 4215 out]

405 4281 854 4346 BRADEWELLE.-Eodem
872 4279 927 4343 die
942 4278 1116 4355 Henricus,
1125 4278 1350 4360 cappellanus,
1362 4292 1574 4362 presentatus

316 4409 376 4472 per
403 4387 550 4451 Priorem
578 4395 613 4449 et
638 4393 841 4448 conventum
871 4383 915 4447 de
944 4382 1097 4463 Neuport
1122 4381 1165 4443 ad
1193 4392 1389 4464 perpetuam
1413 4387 1571 4450 vicariam

315 4491 454 4556 ecclesie
484 4489 527 4553 de
558 4487 770 4565 Bradewelle,
800 4487 888 4550 facta
919 4486 1010 4568 prius
1041 4484 1254 4565 inquisitione
1291 4505 1350 4566 per
1381 4486 1571 4554 officialem

317 4593 668 4676 Bukinghamiensem,
705 4599 776 4666 etc,
814 4589 981 4652 admissus
1017 4597 1069 4651 est
1116 4596 1151 4650 et
1198 4586 1340 4650 vicarius
1389 4603 1572 4675 perpetuus

315 4699 494 4762 institutus.
542 4696 588 4760 Et
611 4694 764 4758 consistit
790 4693 846 4755 illa
873 4692 995 4754 vicaria
1022 4691 1055 4753 in
1082 4700 1155 4754 toto
1181 4689 1347 4772 altelagio,
1373 4703 1407 4756 et
1430 4693 1572 4761 dimidia

316 4803 445 4884 virgata
469 4810 555 4863 terre
581 4807 615 4861 et
637 4797 808 4880 mesuagio
835 4795 878 4858 ad
898 4794 1073 4857 ecclesiam
1094 4793 1345 4875 pertinentibus,
1364 4807 1399 4861 et
1418 4799 1452 4860 in
1471 4801 1572 4864 tertia

315 4917 410 4990 parte
433 4904 610 4987 garbarum
634 4901 771 4964 decimis
795 4900 829 4962 in
853 4899 916 4981 ipsi
940 4897 1097 4980 parochia
1120 4898 1399 4980 provenientibus.
1445 4902 1493 4966 Et
1522 4905 1571 4967 in.

312 5011 466 5098 junctum
482 5017 534 5071 est
551 5005 693 5072 Officiali
712 5003 1020 5090 Bukinghamiensi,
1035 5011 1106 5076 etc,
1122 5000 1221 5086 quod,
1236 5012 1296 5064 etc.
