3609 5642
371 521 441 586 226
719 517 854 590 Rotuli
869 516 1046 613 Hugonz's
1073 518 1116 589 de
1143 517 1274 590 Welles

712 669 790 673 ——.
804 668 918 674 .....—...
942 668 1027 675 --,--

372 756 546 820 Michaelis
583 754 692 820 eidem
725 756 899 841 Stephano
935 757 986 819 vel
1024 767 1115 821 certo
1154 758 1272 820 nuntio
1303 777 1364 819 suo
1406 756 1624 839 persolvenda

370 860 528 936 dimittat,
554 860 714 942 quamdiu
749 859 933 943 predictam
966 881 1112 923 marcam
1145 860 1229 925 bene
1259 872 1293 925 et
1324 861 1451 943 integre
1482 861 1624 924 termino

371 970 498 1028 statuto
513 974 550 1027 ut
573 965 759 1047 predictum
782 974 834 1028 est
859 966 1054 1048 persolverit
1078 965 1209 1041 eidem;
1235 964 1334 1027 salvis
1356 974 1417 1027 etc.
1464 964 1565 1047 Quod
1590 974 1624 1026 ut

370 1077 441 1143 etc,
457 1068 519 1130 hiis
535 1069 685 1144 testibus
703 1070 865 1151 Magistro
890 1069 930 1131 R.
947 1068 989 1131 de
1015 1069 1136 1131 Lacok'
1152 1078 1186 1132 et
1210 1068 1380 1131 Willelmo
1402 1068 1445 1131 de
1470 1068 1623 1148 Winche-

371 1172 500 1248 cumbe,
515 1173 683 1235 canonicis
708 1171 1007 1248 Lincolniensibus,
1025 1172 1195 1256 Magistris
1212 1171 1263 1235 W.
1284 1171 1326 1235 de
1351 1170 1576 1253 Beningnvth'
1591 1181 1623 1233 et

374 1277 411 1340 R
427 1276 470 1340 de
486 1276 615 1354 Cantia,
630 1276 819 1360 capellanis,
837 1277 1006 1359 Magistris
1032 1276 1205 1341 Clemente
1223 1277 1340 1358 Pigiun
1357 1288 1391 1339 et
1414 1276 1560 1339 Ricardo
1583 1276 1622 1337 de

372 1380 632 1459 Windelesoure‚
649 1381 688 1444 R.
704 1380 748 1444 de
764 1380 911 1457 Oxonia,
927 1381 965 1445 G.
982 1380 1025 1444 de
1050 1382 1163 1456 Moris,
1180 1380 1240 1443 Th.
1257 1380 1300 1443 de
1325 1380 1475 1463 Askeby,
1490 1380 1622 1443 clericis.

372 1485 461 1548 Data
477 1506 537 1568 per
552 1505 689 1549 manum
712 1494 860 1548 nostram
884 1484 975 1567 apud
1000 1485 1161 1567 Bugdene
1184 1482 1331 1547 secundo
1354 1504 1460 1546 nonas
1475 1484 1620 1566 Januarii

371 1608 460 1651 anno
476 1587 690 1670 pontificatus
706 1589 809 1651 nostri
826 1588 958 1651 decimo
975 1608 1072 1651 nono.

929 1760 1058 1772 nnn——

369 1851 413 1919 [T
409 1850 444 1903 lu
454 1850 612 1903 institution
623 1850 658 1917 of
667 1850 831 1903 Alexander
839 1850 874 1902 de
883 1849 1022 1902 Elmnnm
1035 1855 1061 1901 to
1073 1850 1118 1903 tlte
1134 1850 1265 1915 vicamge
1281 1849 1317 1915 os
1336 1847 1582 1916 ll'oodsord,·Jan.
1599 1866 1619 1912 a.

434 1936 518 1993 122&
527 1948 570 1985 see
576 1935 607 2000 p.
620 1932 688 2000 ren]

456 2026 706 2090 WUDEFORDE
736 2025 1114 2090 wemma-Omnibus
1144 2036 1204 2089 etc.
1257 2025 1395 2088 Noverit
1426 2026 1622 2089 universitas

368 2140 477 2197 vestra
493 2150 554 2193 nos
578 2129 619 2193 ad
645 2130 927 2213 presentationem
951 2129 1063 2193 dilecti
1088 2128 1144 2193 filii
1172 2129 1309 2193 Roberti
1326 2127 1384 2191 filii
1408 2128 1550 2191 Walteri
1566 2127 1621 2191 filii

371 2234 519 2310 Roberti,
541 2254 681 2317 persone
704 2233 894 2298 medietatis
917 2234 1054 2297 ecclesie
1076 2233 1119 2297 de
1143 2232 1358 2309 Wudelorde‚
1382 2232 1622 2297 interveniente

366 2358 530 2402 consensu
548 2336 587 2401 R.
603 2336 647 2400 de
657 2337 759 2413 ·Veer‚
776 2338 907 2417 patroni
930 2336 1081 2420 ejusdem
1106 2336 1295 2400 medietatis
1319 2337 1448 2399 ratione
1471 2336 1622 2399 custodie

367 2452 452 2506 terre
467 2452 502 2505 et
517 2440 648 2505 heredis
663 2440 824 2505 Willelmi
842 2440 966 2515 Maule‚
981 2440 1140 2504 dilectum
1155 2442 1186 2503 in
1199 2440 1332 2504 Christo
1349 2438 1452 2503 filium
1472 2438 1622 2503 Alexan-

367 2548 464 2611 drum
480 2545 524 2608 de
540 2544 708 2619 Elmham‚
724 2544 945 2627 capellanum,
958 2543 999 2607 ad
1016 2545 1173 2607 vicariam
1190 2542 1341 2625 ejusdem
1359 2542 1550 2606 medietatis
1566 2564 1623 2625 per

366 2672 427 2718 nos
444 2650 486 2713 de
501 2669 664 2713 consensu
682 2648 906 2731 predictorum
930 2648 1121 2713 ordinatam
1140 2646 1315 2711 admisisse
1332 2650 1509 2730 ipsumque
1525 2648 1558 2709 in
1582 2668 1621 2711 ea

367 2754 525 2818 vicarium
551 2754 733 2817 instituisse
756 2773 832 2815 cum
856 2773 957 2816 onere
981 2752 1191 2815 ministrandi
1208 2752 1425 2835 personaliter
1441 2752 1474 2813 in
1493 2750 1620 2815 eadem.

368 2858 435 2942 Qui
458 2856 594 2940 quidem
618 2866 723 2920 totam
750 2855 840 2919 illam
869 2856 1085 2919 medietatem
1110 2856 1237 2919 tenebit
1261 2855 1371 2939 quoad
1394 2855 1526 2931 vixerit,
1550 2854 1621 2917 red·

367 2959 480 3025 dendo
497 2959 574 3023 inde
589 2959 681 3023 dicto
698 2959 847 3023 Roberto
861 2969 895 3023 et
911 2960 1156 3024 successoribus
1179 2960 1246 3022 suis
1262 2959 1413 3039 ejusdem
1431 2958 1621 3021 medietatis

368 3065 519 3146 personis
541 3072 677 3127 centum
700 3062 826 3127 solidos
848 3084 987 3141 annuos,
1012 3063 1227 3128 medietatem
1253 3062 1408 3126 videlicet
1430 3062 1473 3125 ad
1498 3062 1619 3126 festum

368 3167 474 3229 sancti
492 3166 667 3231 Michaelis
682 3177 717 3230 et
734 3167 948 3231 medietatem
965 3167 1007 3230 ad
1026 3169 1153 3231 Pascha
1177 3167 1312 3230 nomine
1329 3167 1506 3249 pensionis
1522 3166 1622 3229 salvis

367 3281 429 3335 etc.
476 3269 576 3352 Quod
594 3280 631 3333 ut
646 3281 718 3346 ete,
733 3271 874 3334 testibus
889 3283 923 3334 et
939 3271 1027 3348 data,
1044 3282 1080 3334 ut
1097 3272 1129 3333 in
1147 3272 1302 3353 proxima
1317 3280 1409 3332 carta
1425 3290 1532 3352 supra.

367 3532 441 3599 [The
451 3534 609 3585 institution
620 3533 657 3600 of
662 3532 737 3600 Rois
741 3532 776 3585 de
789 3532 954 3586 Cirencesire
965 3540 991 3585 to
1003 3532 1048 3585 ilie
1058 3531 1159 3586 cknrclr
1171 3534 1206 3601 of
1215 3532 1343 3591 Holcott,·
1358 3546 1401 3583 see
1408 3534 1437 3597 p.
1451 3531 1518 3598 [μ]

456 3625 886 3690 HOLECOTE.-Omnibus
913 3638 973 3690 etc.
1030 3627 1168 3691 Noverit
1192 3626 1388 3693 universitas
1419 3636 1529 3687 vestra
1559 3645 1620 3686 nos

366 3729 408 3793 ad
426 3730 708 3811 presentationem
732 3726 844 3794 dilecti
861 3730 928 3807 filii,
952 3730 1060 3794 fratris
1085 3730 1123 3795 R.
1147 3729 1190 3795 de
1214 3729 1311 3802 Diva,
1336 3728 1455 3792 Prioris
1479 3727 1618 3791 fratrum

369 3832 556 3915 Hospitalis
586 3832 865 3897 lherosolimitani
891 3835 923 3897 in
954 3832 1087 3917 Anglia‚
1114 3836 1243 3917 patroni
1273 3833 1410 3896 ecclesie
1440 3832 1483 3895 de
1517 3832 1619 3895 Hole-

366 3936 473 4012 cothe,
488 3935 648 3999 dilectum
665 3938 698 3999 in
715 3936 849 4001 Christo
859 3937 962 4000 lilium
977 3935 1158 4001 Radulfum
1170 3937 1213 4001 de
1225 3936 1441 4011 Cirencestre‚
1451 3936 1618 4007 clericum.

366 4040 408 4104 ad
424 4039 565 4103 eandem
583 4040 757 4103 ecclesiam
775 4040 950 4105 admisisse
966 4042 1143 4123 ipsumque
1159 4042 1192 4103 in
1209 4061 1249 4104 ea
1264 4040 1424 4103 canonice
1440 4058 1617 4121 personam

367 4144 558 4218 instituisse,
574 4144 665 4207 salva
680 4144 780 4208 dictis
797 4145 899 4207 Priori
915 4155 950 4209 et
963 4144 1118 4208 fratribus
1128 4144 1242 4208 debita
1257 4156 1291 4207 et
1307 4144 1445 4225 antiqua
1458 4144 1619 4225 pensione

366 4248 408 4312 de
423 4247 552 4324 eadem,
568 4248 594 4309 si
610 4249 740 4329 quaeis
757 4248 834 4312 inde
844 4248 1007 4313 debeatur
1020 4271 1027 4325 ς
1043 4248 1142 4312 salvis
1152 4250 1253 4312 etiam
1268 4257 1329 4311 etc.
1376 4245 1477 4330 Quod
1496 4256 1533 4309 ut
1548 4255 1619 4321 etc,

365 4350 506 4416 testibus
532 4360 566 4414 et
591 4351 679 4429 data,
704 4361 741 4414 ut
766 4352 798 4415 in
829 4363 921 4416 carta
950 4352 993 4415 de
1021 4351 1260 4433 Duningetone
1288 4352 1321 4413 in
1349 4348 1618 4413 archidiaconatu

368 4455 554 4523 Leicestrie.

365 4710 436 4777 [The
452 4706 609 4759 institution
626 4705 661 4775 of
671 4705 835 4759 Alexander
848 4706 882 4758 dn
898 4706 1000 4759 Sancto
1019 4706 1173 4759 Edmnndo
1189 4705 1276 4758 totle
1293 4702 1393 4757 church
1413 4703 1449 4771 os
1466 4701 1621 4762 Warkton,·

428 4788 471 4826 sce
501 4790 575 4837 ,14st

452 4772 928 4931 desiniemus-Omnibus
946 4874 1007 4929 etc.
1055 4866 1195 4929 Noverit
1215 4864 1412 4928 universitas
1432 4871 1544 4927 vestra
1560 4880 1618 4926 nos

364 4974 407 5045 ad
439 4970 718 5056 presentationem
749 4968 861 5034 dilecti
892 4969 989 5033 nobis
1020 4969 1165 5033 Abbatis
1195 4967 1237 5033 de
1269 4968 1394 5032 Sancto
1426 4964 1617 5039 Edmundo,
