3609 5642
300 569 348 643 30
616 543 618 548 ’
643 552 779 629 Rotulz'
801 553 978 650 Hugonis
1002 551 1047 628 de
1073 553 1204 628 Welles

297 796 492 876 pensionem
508 795 616 877 ipsam
632 805 720 858 esset
735 802 956 876 presentatus,
972 793 1059 859 facta
1080 794 1172 876 prius
1193 794 1409 876 inquisitione
1427 815 1487 876 per
1503 795 1554 873 A,

297 894 580 959 Archidiaconum
612 895 734 971 Oxon’,
765 915 823 978 per
845 915 957 977 quam,
978 903 1050 971 etc,
1079 894 1236 959 dominus
1263 895 1461 979 Episcopus,
1491 896 1553 978 ipsi

295 999 418 1062 vicario
440 1001 636 1083 pensionem
657 1000 764 1083 ipsam
785 1000 969 1082 assignans,
987 1008 1203 1081 personatum
1224 1008 1260 1064 et
1280 999 1438 1064 vicariam
1454 998 1553 1063 duxit

296 1103 562 1168 consolidandos.

296 1272 419 1342 [Walter
431 1275 465 1327 de
483 1275 583 1328 Sancto
598 1273 760 1336 Edmundo,
782 1272 951 1334 eodem,
962 1273 1113 1342 presented
1125 1272 1159 1342 by
1175 1272 1309 1327 Ns'cholas
1331 1273 1377 1326 the
1393 1272 1482 1327 Abbot
1494 1273 1556 1326 and

361 1357 406 1410 the
420 1356 589 1425 conventos
601 1355 755 1425 Eynstram,
768 1357 793 1408 ἐς
803 1355 950 1408 instituted
953 1354 1061 1422 parson
1071 1357 1108 1424 os
1119 1355 1304 1424 Woodeaton.]

383 1475 807 1540 WODETON.-Walterus
823 1474 866 1538 de
882 1474 1008 1540 Sancto
1025 1473 1216 1551 Edmund0,
1232 1474 1467 1552 subdiaconus,
1479 1495 1550 1556 pre-

291 1590 445 1644 sentatus
461 1601 520 1662 per
539 1579 570 1642 N
575 1578 740 1643 icholaum
761 1577 932 1641 Abbatem
955 1588 990 1642 et
1008 1587 1211 1641 conventum
1228 1578 1271 1642 de
1291 1577 1485 1662 Eynesham
1507 1578 1550 1642 ad

294 1682 467 1746 ecclesiam
491 1682 534 1747 de
558 1681 757 1759 Wodetone,
774 1682 862 1745 sacta
884 1681 975 1763 prius
1000 1681 1213 1763 inquisitione
1232 1701 1291 1764 per
1301 1681 1358 1772 ΙΑ.,
1375 1681 1550 1746 Archidia-

294 1804 416 1848 conum
435 1786 557 1863 Oxon',
570 1807 629 1868 per
643 1805 754 1868 quam,
769 1795 840 1862 etc,
852 1783 895 1848 ad
911 1783 1054 1848 eandem
1071 1783 1237 1848 admissus
1252 1794 1395 1863 estete,
1407 1795 1441 1850 et
1457 1805 1551 1850 man-

293 1888 410 1954 datum
428 1889 676 1956 Archidiacono
692 1901 737 1968 ut,
752 1889 825 1956 etc.l

405 2063 456 2129 On
472 2064 525 2129 the
538 2065 631 2129 dorse
643 2090 699 2130 .·-

293 2063 400 2241 [ansf
414 2188 501 2227 canon
517 2174 554 2242 of
564 2173 606 2227 st.
624 2064 804 2238 animm,
823 2174 848 2226 ts
863 2173 1011 2226 amoenae
1021 2160 1113 2226 ‘enar
1126 2173 1163 2242 os
1173 2172 1214 2226 st.
1226 2172 1405 2236 Faunum,
1418 2173 1488 2226 mn
1506 2174 1551 2228 nu

358 2255 598 2325 King'sconsent.]

381 2365 497 2430 Frater
528 2366 655 2444 Helias,
684 2367 873 2444 canonicus,
903 2365 1028 2433 Sancte
1060 2366 1308 2443 Fretheswitbe,
1339 2364 1462 2444 Oxon',
1492 2387 1551 2449 per

293 2481 494 2534 conventum
511 2468 663 2553 ejusdem
680 2471 799 2534 domus
820 2472 853 2533 in
870 2471 1018 2534 Priorem
1042 2470 1177 2546 electus,
1192 2469 1281 2536 sacta
1303 2471 1394 2553 prius
1414 2471 1550 2554 inquisi-

292 2572 384 2637 tione
400 2594 458 2657 per
474 2574 759 2639 Archidiaconum
779 2575 842 2639 loci
865 2585 899 2639 et
923 2596 982 2658 per
997 2575 1145 2638 Priorem
1163 2573 1319 2658 Oseneye
1342 2595 1442 2658 super
1464 2577 1549 2640 elec-

293 2675 384 2740 tione
411 2676 561 2760 predicta
584 2679 769 2744 secundum
794 2679 950 2743 articulos
973 2690 1158 2756 consuetos,
1182 2678 1424 2743 interveniente
1447 2681 1548 2743 etiarn

291 2800 428 2844 assensu
452 2780 580 2845 domini
606 2783 709 2866 Regis
732 2782 882 2864 ejusdem
910 2783 1074 2865 prioratus
1090 2784 1231 2865 patroni,
1247 2803 1306 2864 per
1324 2803 1398 2866 que,
1419 2794 1489 2861 etc,
1505 2782 1548 2846 ad

288 2885 401 2966 'ipsum
419 2885 602 2967 prioratum
619 2886 784 2950 admissus
800 2896 901 2950 estet
924 2887 958 2950 in
973 2907 1014 2950 eo
1030 2887 1189 2950 canonice
1205 2887 1295 2968 prior
1318 2886 1499 2964 institutus,
1514 2896 1549 2950 et

293 2988 491 3052 mandatum
513 3000 565 3054 est
582 2989 829 3054 Archidiacono
854 2988 977 3067 Oxon',
992 3000 1029 3053 ut
1051 2990 1137 3053 circa
1159 2990 1264 3072 ipsius
1287 2989 1548 3054 installationem

292 3091 382 3174 quod
398 3112 495 3156 suum
511 3104 563 3157 est
577 3103 771 3176 exequatur.
821 3092 1012 3175 lnjunctum
1028 3102 1079 3156 est
1094 3094 1195 3156 etiarn
1212 3093 1376 3176 subpriori
1393 3094 1548 3176 presenti,

291 3204 329 3258 ut
352 3195 414 3278 ipsi
438 3205 600 3279 tanquam
618 3197 721 3261 Priori
745 3217 805 3260 suo
820 3195 976 3260 decetero
991 3196 1035 3260 sit
1057 3195 1234 3260 intendens
1250 3205 1284 3260 et
1300 3196 1469 3274 obediens,
1484 3195 1548 3260 hoc

291 3297 381 3362 idem
397 3319 442 3362 ex
459 3310 555 3382 parte
570 3301 697 3365 domini
714 3301 874 3383 Episcopi
889 3299 1067 3364 conventui
1083 3297 1261 3382 injungens
1275 3300 1352 3363 viva
1368 3320 1458 3364 voce

787 3491 928 3555 Annus
951 3489 1054 3554 XX¹¹·.

290 3612 414 3682 [Walter
427 3615 461 3667 de
480 3614 639 3678 Glossema,
657 3613 825 3676 sub-deacon,
838 3614 988 3684 presented
998 3613 1031 3682 by
1046 3614 1093 3667 the
1107 3613 1196 3668 Prior
1209 3615 1245 3683 of
1252 3613 1411 3679 Deerhurst,
1428 3616 1454 3667 is
1469 3615 1549 3668 insti-

355 3695 433 3750 tuted
441 3700 550 3766 parson
561 3697 598 3766 os
608 3697 752 3767 Taynton]

377 3798 784 3882 TEINTON’.-Magister
814 3799 983 3862 Walterus
1015 3798 1057 3862 de
1095 3797 1284 3875 Glouernia,
1315 3797 1548 3875 subdiaconus,

289 3913 501 3984 presentatus
517 3924 576 3987 per
599 3903 746 3967 Priorem
771 3903 814 3967 de
838 3901 1020 3966 Derherst'²
1039 3902 1082 3965 ad
1105 3903 1280 3966 ecclesiam
1305 3901 1349 3966 de
1371 3901 1548 3978 Teintone,

291 4004 379 4070 facta
402 4007 492 4089 prius
520 4007 733 4090 inquisitione
757 4027 815 4090 per
839 4007 890 4083 A,
906 4005 1190 4069 Archidiaconum
1215 4005 1337 4084 Oxon',
1353 4025 1413 4088 per
1434 4025 1548 4088 quarn,

291 4120 363 4188 etc,
377 4110 421 4175 ad
445 4110 588 4176 eandem
611 4110 777 4176 admissus
799 4119 860 4187 est,
875 4121 947 4187 etc,
961 4119 996 4175 et
1024 4108 1219 4173 mandatum
1242 4119 1294 4173 est
1320 4108 1412 4174 dicto
1428 4109 1547 4172 Archi·

291 4213 434 4278 diacono
449 4225 495 4293 ut,
510 4224 571 4279 etc

291 4383 428 4454 [Richard
443 4385 477 4438 de
499 4384 665 4449 Craumerse,
679 4384 816 4452 chaplain,
829 4383 980 4453 presented
996 4383 1029 4452 by
1045 4383 1091 4436 tlte
1106 4383 1233 4436 Pnbress
1249 4383 1286 4452 os
1299 4383 1415 4451 Gora'ng,
1428 4384 1454 4436 r's
1469 4383 1547 4437 siasti-

354 4466 432 4520 tuted
446 4467 527 4520 vs'car
540 4466 575 4535 of
587 4465 731 4535 Nuffield]

379 4569 559 4633 TOFELDE
582 4568 965 4634 VICARIA.-Ricardus
980 4567 1024 4632 de
1040 4567 1245 4644 Craumerse,
1260 4567 1462 4651 capellanus,
1472 4589 1545 4651 pre·

288 4681 438 4736 sentatus
455 4692 514 4754 per
529 4672 724 4736 Priorissam
740 4682 774 4737 et
796 4673 958 4737 moniales
980 4672 1023 4737 de
1046 4669 1245 4754 Garing[es]
1267 4671 1310 4734 ad
1326 4672 1485 4736 vicariam
1501 4672 1545 4737 de

292 4813 323 4820 .—
506 4812 531 4816 --
666 4811 740 4817 -...-...
1075 4809 1169 4814 --
1473 4811 1544 4819 -“

322 4870 331 4902 ¹
345 4869 425 4922 Then
439 4869 548 4924 follows
560 4870 607 4923 the
619 4871 769 4939 beginning
781 4870 813 4922 ol
823 4871 871 4923 the
883 4878 969 4938 entry,
982 4869 1074 4922 which
1086 4885 1130 4921 we
1142 4867 1214 4920 bave
1226 4867 1323 4933 below,
1339 4873 1353 4897 ⁸⁴
1361 4867 1497 4923 Ricardus
1508 4870 1545 4923 de

289 4953 476 5016 Craumerse'',
490 4962 550 5017 etc..
562 4954 614 5006 but
625 4953 646 5006 it
658 4953 709 5007 bas
721 4953 794 5006 been
806 4953 922 5008 washed
934 4960 991 5007 out.

322 5037 334 5066 ¹
347 5035 522 5099 “Derbest’”,
536 5035 596 5090 MS.
