3609 5642
314 559 360 648 56
666 556 802 629 Rutuli
818 555 993 654 Hugonis
1009 559 1054 631 a'e
1079 557 1212 632 Wallas

314 799 470 880 proximo
486 810 700 882 personatum
718 799 809 862 illum
821 800 946 876 habuit,
957 800 1089 883 publice
1100 821 1241 864 uxorem
1253 801 1362 877 duxit,
1378 800 1467 864 iacta
1477 800 1567 884 prius

314 901 527 982 inquisitione
544 923 603 985 per
624 902 823 985 Magistrum
840 903 1116 981 Th.,0fficia1em
1134 904 1370 969 Archidiaconi
1396 904 1565 988 Bukingc·

314 1005 504 1082 hamiensis,
519 1018 590 1082 etc,
606 1007 772 1070 admissus
786 1017 847 1084 est,
862 1018 895 1072 et
919 1028 1061 1091 persona
1078 1010 1256 1072 institutus.
1304 1008 1349 1071 Et
1370 1007 1566 1071 mandatum

313 1119 364 1172 est
379 1107 470 1172 dicto
488 1109 651 1193 Magistro
667 1110 738 1186 Th,
753 1122 816 1175 etc.

313 1346 403 1414 [John
414 1347 448 1399 de
459 1347 585 1407 Essema,
593 1347 780 1416 presentedby
791 1348 892 1402 Roben
902 1349 983 1402 Sorcl
991 1348 1025 1416 by
1035 1363 1132 1401 reason
1143 1349 1177 1416 af
1184 1348 1229 1401 the
1240 1348 1385 1416 wardsaip
1396 1349 1432 1416 as
1442 1347 1566 1400 Wllram

377 1430 402 1482 le
416 1429 553 1492 Characeis,
561 1430 586 1481 is
596 1430 743 1482 instituted
743 1434 849 1497 parson
861 1431 896 1498 os
903 1430 974 1483 Baua
986 1430 1129 1484 Bn'ckhill
1137 1431 1206 1483 wita
1215 1431 1261 1483 tae
1271 1435 1383 1483 canem!
1391 1432 1427 1498 of
1432 1431 1479 1484 tlte
1486 1430 1568 1499 Kiag

378 1511 439 1563 aad
446 1511 492 1563 tlte
502 1510 591 1563 Abba
597 1512 633 1578 of
644 1510 799 1580 Woobum.]

331 1707 333 1711 .
392 1654 968 1737 ·BoLLEBRICHULLE.-Johannes
980 1656 1022 1719 de
1036 1657 1188 1732 Essexia,
1200 1656 1346 1732 clericus,
1357 1667 1567 1740 presentatus

314 1780 372 1842 per
389 1759 573 1822 Robertum
595 1758 698 1834 Sorel
716 1761 843 1823 ratione
866 1759 1017 1823 custodie
1040 1770 1125 1824 terre
1147 1770 1183 1823 et
1205 1759 1336 1823 heredis
1352 1761 1512 1825 Willelmi
1537 1761 1568 1824 le

314 1863 486 1939 Chauceis,
507 1863 549 1926 ad
575 1863 748 1926 ecclesiam
771 1864 814 1927 de
836 1863 1099 1941 Bollebrichulle‚
1124 1864 1212 1928 iacta
1239 1866 1329 1947 prius
1354 1866 1567 1947 inquisitione

314 1989 373 2050 per
405 1968 603 2049 Magistrum
635 1967 707 2044 Th,
734 1967 921 2031 Officialem
955 1966 1192 2032 Archidiaconi
1224 1967 1567 2051 Bukingehamiensis,

313 2067 384 2148 etcss,
399 2082 433 2135 et
448 2071 586 2134 domino
612 2072 706 2154 Rege
721 2082 756 2134 et
782 2071 930 2134 Domino
948 2071 1083 2134 Abbate
1099 2072 1141 2136 de
1157 2073 1350 2135 Wouborne
1367 2073 1399 2136 in
1425 2072 1489 2136 hoc
1504 2073 1566 2136 hac

312 2176 384 2239 vice
414 2175 708 2251 consentientibus
738 2175 903 2238 admissus
934 2186 995 2252 est,
1025 2187 1060 2239 et
1090 2197 1232 2259 persona
1266 2177 1447 2253 institutus,
1474 2177 1566 2240 salvo

313 2279 520 2360 inposterum
536 2278 608 2360 jure
624 2278 802 2360 cujuslibet
817 2281 873 2361 qui
888 2278 943 2359 jus
968 2290 1173 2361 patronatus,
1188 2292 1249 2344 etc.
1297 2281 1343 2344 Et
1367 2281 1565 2345 mandatum

313 2391 364 2444 est
387 2381 478 2445 dicto
503 2382 666 2464 Magistro
694 2382 834 2459 Thome,
860 2392 922 2445 etc.
967 2381 1060 2463 (Non
1089 2383 1251 2448 habemus
1278 2385 1405 2448 litteras
1432 2385 1566 2467 inquisi-

312 2484 437 2567 tionis.)

403 2699 454 2763 On
473 2699 523 2762 tlte
541 2701 633 2763 dorse
648 2702 688 2778 os
695 2699 748 2762 tlte
764 2700 827 2763 roll
837 2723 893 2763 .·-

718 2853 858 2918 Annus
896 2853 1162 2919 Duouncnrus.

312 3011 384 3079 [For
391 3011 437 3064 tlte
448 3011 550 3079 charge
560 3011 595 3080 os
602 3011 774 3074 Horsendaa,
787 3026 829 3063 see
846 3012 875 3064 in
893 3013 939 3064 the
950 3011 1126 3086 Archdaacoa
1138 3013 1173 3080 as
1179 3013 1317 3066 Laacoln's
1329 3015 1395 3068 Roll
1404 3015 1467 3068 rath
1476 3016 1566 3085 ycan]

402 3129 792 3194 HORSINGDONE.-—De
830 3130 982 3192 custodia
1019 3129 1061 3193 de
1109 3131 1323 3195 Horsindone
1366 3135 1494 3215 require
1532 3135 1565 3196 in

314 3231 423 3295 rotulo
439 3232 727 3296 archidiaconatus
746 3233 997 3309 lincolniensis,
1012 3253 1102 3296 anno
1117 3233 1325 3299 duodecimo,

312 3451 353 3520 [T
350 3453 384 3504 he
396 3451 496 3521 charge
507 3453 544 3519 of
555 3451 601 3504 tlte
611 3453 743 3520 at'carrrge
754 3453 789 3521 af
796 3469 816 3517 5
828 3453 923 3505 marks
933 3454 965 3504 in
977 3453 1103 3521 Drayion
1116 3453 1309 3523 [Beaucltamp
1317 3457 1345 3522 i]
1362 3456 1462 3512 caurca
1479 3459 1504 3510 is
1520 3474 1567 3511 ca-

377 3533 484 3586 trusted
498 3538 525 3585 to
543 3533 643 3602 Ralpa
656 3535 735 3590 clerk.
749 3535 824 3586 aretii
833 3535 1018 3589 Michaelmas
1028 3537 1060 3587 ia
1071 3534 1117 3587 the
1131 3536 1192 3587 rath
1199 3536 1289 3606 yeaa]

401 3644 613 3707 DRAITONE.
622 3645 822 3708 -Custodia
837 3646 958 3708 vicarie
980 3646 1128 3727 quinque
1144 3667 1329 3710 marcarum
1353 3651 1485 3731 provise
1508 3673 1567 3735 per

314 3747 501 3813 Officialem
520 3748 755 3811 Archidiaconi
780 3747 1094 3826 Bukinghamiensis
1118 3749 1151 3810 in
1170 3750 1315 3821 ⁴ecclesia
1337 3751 1380 3816 de
1404 3754 1566 3818 Draitone

312 3853 491 3915 commissa
521 3863 572 3914 est
604 3850 793 3933 Radulph0,
820 3851 949 3927 cleric0,
978 3851 1021 3914 ad
1051 3872 1125 3914 eam
1158 3865 1358 3934 presentato,
1388 3877 1493 3939 usque
1523 3859 1565 3922 ad

314 3957 433 4020 festum
449 3956 563 4020 Sancti
584 3955 756 4018 Michaelis
773 3957 965 4037 proximum
978 3976 1067 4018 anno
1083 3955 1296 4039 pontificatus
1308 3959 1387 4024 dicti
1406 3961 1565 4047 Episcopi

314 4059 523 4122 duodecimo,
571 4058 615 4120 Et
632 4059 828 4122 mandatum
845 4069 897 4121 est
912 4058 1003 4123 dicto
1020 4059 1173 4136 officiali,
1189 4073 1249 4124 etc.

313 4297 354 4366 [T
351 4297 385 4350 ha
396 4297 496 4364 charge
507 4297 541 4364 as
554 4295 624 4350 Bora
636 4296 777 4350 Bn'cklu'll
786 4296 885 4349 caurch
897 4298 922 4349 is
932 4298 1109 4350 animitate
1119 4298 1199 4364 solra
1215 4298 1249 4351 de
1265 4299 1390 4364 Esscm'a,
1403 4303 1482 4364 clera,
1495 4305 1569 4358 until

378 4379 614 4526 ζιῶιιέἓηῖίὼω
631 4383 698 4430 next
712 4379 803 4448 before
818 4379 1003 4432 Mathaelmas
1019 4381 1050 4431 in
1070 4381 1116 4432 tlte
1136 4381 1197 4432 reth
1211 4397 1288 4448 year,
1302 4382 1383 4435 when
1403 4385 1438 4437 lae
1453 4387 1479 4438 is
1494 4393 1522 4440 to
1537 4387 1568 4440 bc

404 4597 938 4661 BUIAEBRICHchLEe-Custodia
965 4597 1103 4660 ecclesie
1132 4597 1175 4660 de
1207 4598 1447 4666 Bulebrichelle
1475 4625 1565 4669 com-

315 4703 415 4768 missa
431 4712 481 4765 est
505 4702 649 4784 Johanni
676 4703 718 4766 de
743 4704 894 4778 Essexia,
911 4703 1039 4779 clerico
1055 4702 1097 4765 ad
1122 4704 1228 4785 ipsam
1245 4716 1446 4786 presentato,
1462 4729 1567 4791 usque

313 4805 355 4868 ad
373 4807 546 4888 proximos
562 4807 694 4869 ordines
710 4816 788 4869 ante
805 4806 926 4869 festum
952 4806 1065 4871 Sancti
1094 4806 1265 4869 Michaelis
1281 4828 1370 4872 anno
1395 4812 1565 4892 pontifica-

313 4921 367 4972 tus
397 4908 477 4972 dicti
509 4911 656 4991 episcopi
687 4909 897 4984 duodecim0,
929 4919 965 4971 ut
996 4919 1075 4972 tunc
1107 4911 1217 4973 veniat
1247 4911 1459 4977 ordinandus
1520 4918 1567 4980 Et

313 5011 508 5076 mandatum
526 5023 576 5075 est
594 5013 757 5098 Magistro
775 5013 846 5086 Th,
863 5011 1006 5076 Officiali
1024 5012 1367 5094 BukingehamiensiS,
1382 5028 1442 5080 etc.
