3609 5642
628 566 807 664 Episcopi
827 567 1110 642 Lcncolnc'cnsis.
1443 590 1488 663 77

231 797 347 867 [Robert
356 799 390 852 de
400 801 592 867 Messeworde,
604 804 741 872 chaptocn,
749 807 898 872 presented
907 807 940 874 by
951 806 1056 874 Henry,
1065 823 1084 859 a
1095 807 1185 870 merck,
1193 809 1349 876 proctoros
1354 807 1400 861 the
1405 808 1494 861 Abbot

298 881 546 1032 odnjaffmas
567 885 602 952 os
619 886 739 954 Angers,
758 888 783 939 is
802 887 947 941 instituted
963 893 990 940 to
1007 888 1052 941 the
1068 888 1149 957 late&
1166 889 1303 942 ordained
1315 890 1447 958 occorage
1461 892 1497 960 of

367 979 398 1032 g.

322 1081 470 1147 WENGE
508 1085 894 1150 VICARIA.-Robertus
932 1089 975 1152 de
1014 1088 1245 1165 Messeworde,
1290 1089 1491 1172 capellanus,

233 1197 445 1268 presentatus
472 1208 530 1270 per
560 1188 753 1267 Henricum,
780 1192 991 1269 monachum,
1015 1192 1161 1257 Abbatis
1192 1193 1307 1258 Sancti
1336 1194 1489 1257 Nicholai
1575 1221 1578 1230 ·

234 1288 491 1372 Andegavensis
528 1292 719 1375 generalem
750 1304 997 1376 procuratorem
1030 1296 1063 1358 in
1095 1295 1229 1379 Anglia‚
1259 1295 1302 1360 ad
1333 1298 1489 1361 vicariam

231 1391 371 1457 ecclesie
394 1393 437 1457 de
460 1393 590 1479 Wenge
617 1395 790 1461 exdudum
819 1397 1018 1476 ordinatam,
1045 1400 1132 1463 facta
1159 1400 1249 1483 prius
1276 1401 1490 1483 inquisitione

233 1517 292 1580 per
309 1498 508 1580 Magistrum
526 1500 570 1577 Ρ.,
587 1499 774 1565 Officialem
792 1502 1144 1586 Bukinghamiensem‚
1160 1524 1344 1587 perquam,
1359 1515 1430 1583 etc,
1446 1505 1489 1568 ad

230 1599 375 1664 eandem
399 1602 565 1666 admissus
580 1613 632 1668 est
654 1625 729 1669 cum
746 1626 847 1670 onere
861 1617 896 1670 et
920 1627 1007 1689 pena
1029 1608 1236 1670 vicariorum.
1283 1608 1329 1671 Et
1348 1607 1487 1672 manda-

230 1713 304 1767 tum
320 1714 372 1768 est
387 1705 478 1770 dicto
495 1704 638 1771 Officiali
656 1717 701 1785 ut,
716 1719 777 1772 ete.

551 1983 692 2048 Annos
716 1985 862 2049 Pmuus
887 1999 934 2048 ar
957 1985 1174 2050 Vrcasmus.

229 2131 378 2199 [Silvestre
386 2131 421 2183 de
431 2131 555 2200 Anogn’‚
567 2148 604 2185 on
614 2131 660 2186 tlte
665 2135 854 2200 presentotcon
866 2135 897 2202 os
908 2133 952 2187 the
962 2134 1052 2187 Aoooc
1060 2134 1122 2186 and
1138 2134 1264 2186 Convent
1277 2134 1314 2202 of
1327 2133 1487 2198 Glouccster,

294 2215 319 2266 is
338 2212 484 2267 instituted
500 2219 526 2267 to
544 2213 588 2267 tice
607 2214 708 2268 ctcnrctc
726 2216 762 2283 os
783 2215 950 2284 Wraysomy
971 2215 1005 2278 br
1020 2216 1066 2269 teis
1079 2219 1179 2284 prony,
1196 2215 1314 2278 Berard,
1331 2216 1376 2269 tice
1392 2215 1490 2283 Pope’s

294 2297 396 2349 writer.
431 2295 557 2349 Re'ctcard
571 2297 605 2350 de
621 2297 808 2366 Momtfictcet
824 2313 973 2351 renounces
989 2298 1035 2351 tes
1051 2298 1134 2351 claim
1154 2303 1180 2351 to
1198 2297 1243 2350 ttte
1259 2298 1418 2360 odoowson,
1430 2297 1492 2350 and

293 2377 421 2444 Steptten,
443 2376 489 2430 tice
508 2377 605 2446 Popts
621 2377 759 2445 cleoploin,
780 2393 930 2432 renonnces
950 2380 994 2431 teis
1013 2379 1095 2432 claim
1113 2384 1140 2431 to
1158 2379 1203 2432 tice
1215 2381 1413 2447 presentation.
1447 2378 1490 2432 As

295 2467 322 2514 to
333 2475 351 2512 a
357 2461 477 2527 pennen
488 2460 608 2514 claimed
615 2460 661 2514 tlte
672 2460 779 2530 Bethop
791 2462 815 2514 is
826 2467 853 2514 to
863 2461 957 2515 decide
967 2462 1029 2530 isit
1037 2462 1067 2514 be
1077 2461 1131 2514 dne
1140 2461 1203 2515 ond
1210 2463 1341 2529 ancient]

315 2595 776 2680 WIREDEBIR1.-Magister
792 2598 952 2663 Silvester
966 2599 1009 2662 de
1026 2598 1150 2682 Anagir
1167 2597 1304 2681 [blank],
1317 2609 1487 2680 presenta-

138 2765 144 2782 ,
227 2711 283 2765 tus
305 2720 363 2782 per
380 2699 550 2763 Abbatem
575 2710 609 2763 et
632 2712 834 2765 conventum
851 2702 1154 2766 Gloucestriensem
1178 2702 1221 2765 ad
1244 2702 1419 2766 ecclesiam
1444 2702 1487 2767 de

227 2802 458 2880 Wiredebiria,
474 2803 561 2869 iacta
583 2805 673 2888 prius
696 2805 912 2887 inquisitione
928 2827 987 2889 per
1012 2807 1211 2890 Magistrum
1237 2807 1281 2884 Ρ.,
1297 2805 1486 2871 Officialem

228 2907 599 2990 Buckinghamiensem,
622 2918 656 2973 et
681 2909 826 2973 Ricardo
848 2909 891 2972 de
921 2909 1122 2974 Muntfichet
1145 2911 1362 2993 appellationi
1385 2931 1487 2993 quam

227 3031 288 3095 pro
303 3010 393 3074 dicte
404 3012 542 3076 ecclesie
554 3011 775 3076 advocatione
787 3015 1030 3097 interposuerat
1047 3016 1267 3092 renuntiante,
1276 3025 1310 3079 et
1324 3015 1488 3097 Magistro

228 3115 412 3198 Stephano
441 3115 568 3179 domini
601 3117 692 3199 Pape
721 3117 903 3200 capellano,
934 3118 1025 3200 prius
1049 3128 1241 3201 presentato
1270 3118 1314 3181 ad
1343 3116 1486 3181 eandem

227 3219 466 3303 presentationi
490 3239 549 3284 sue
572 3220 723 3283 similiter
746 3223 967 3299 renuntiante,
989 3231 1024 3286 et
1047 3231 1187 3305 rogante
1209 3221 1300 3303 quod
1325 3221 1488 3304 Magister

228 3321 403 3399 Berardus,
419 3323 560 3405 scriptor
582 3322 709 3387 domini
734 3325 834 3407 Pape,
849 3327 986 3390 nomine
1001 3324 1082 3389 dicti
1107 3326 1260 3408 Magistri
1285 3324 1435 3390 Silvestri
1452 3325 1486 3388 in

226 3429 300 3510 ipsa
315 3427 534 3502 investiretur,
550 3426 592 3490 ad
605 3427 746 3491 eandem
763 3427 929 3490 admissus
945 3438 1005 3506 est,
1019 3438 1054 3492 et
1069 3449 1129 3511 per
1140 3429 1268 3492 dictum
1286 3429 1486 3511 Magistrum

228 3529 411 3595 Berardum
428 3531 474 3592 sic
491 3531 670 3594 institutus.
717 3531 762 3594 Et
776 3530 973 3595 mandatum
983 3541 1035 3595 est
1050 3531 1141 3596 dicto
1157 3532 1310 3610 Officiali,
1325 3542 1387 3595 etc.
1434 3532 1487 3596 De

228 3635 388 3718 pensione
404 3633 505 3696 nichil
521 3632 578 3697 fiet
593 3633 701 3697 donec
717 3635 905 3698 constiterit
919 3634 1058 3698 domino
1076 3635 1246 3718 Episcopo
1270 3636 1297 3698 si
1313 3636 1357 3699 sit
1372 3634 1487 3699 debita

226 3737 425 3818 etantiqua.

227 3995 363 4064 [Thomas
373 3995 407 4048 de
419 3994 570 4064 Scheford,
580 3994 747 4060 noceam,
754 3995 946 4064 presentedby
957 3994 1002 4047 tice
1013 3995 1100 4048 Prior
1108 3994 1168 4048 aeid
1177 3995 1304 4049 Convent
1313 3997 1489 4065 osNewport

292 4077 421 4145 Pugnell,
434 4076 499 4128 wico
508 4075 568 4128 trad
575 4076 721 4129 recovered
730 4077 775 4129 tice
785 4077 937 4129 advoeoson
948 4078 979 4129 in
996 4076 1041 4129 tte
1056 4076 1090 4127 K
1086 4077 1159 4145 ing's
1172 4077 1257 4130 Conrt
1262 4079 1346 4146 from
1356 4079 1436 4144 Joten
1453 4079 1486 4132 de

292 4157 403 4220 Korion,
415 4159 439 4210 ir
451 4157 596 4210 instituted
605 4163 632 4211 to
647 4157 692 4211 tlte
703 4158 803 4212 chccrclc
814 4160 850 4228 of
855 4158 1062 4227 Snemngtons

317 4276 746 4343 SYRINTONE.—-Thomas
757 4278 800 4341 de
812 4277 1020 4360 Scyreforde,
1030 4277 1262 4355 subdiaconus,
1273 4289 1484 4361 presentatus

227 4403 286 4466 per
310 4382 456 4445 Priorem
471 4391 506 4445 et
521 4391 723 4445 conventum
747 4382 790 4445 de
808 4382 837 4443 N
841 4392 961 4464 euport
977 4381 1019 4444 ad
1043 4381 1217 4445 ecclesiam
1234 4382 1277 4445 de
1294 4384 1484 4465 Syrintone,

226 4485 315 4548 iacta
346 4485 435 4566 prius
466 4485 680 4567 inquisitione
710 4507 768 4568 per
801 4487 1000 4568 Magistrum
1033 4487 1076 4562 Ρ.,
1104 4484 1290 4550 Officialem
1318 4487 1484 4571 Bucking-

226 4589 442 4665 hamiensem,
468 4599 503 4652 et
530 4590 671 4672 receptis
698 4591 814 4654 litteris
834 4590 962 4653 domini
992 4590 1094 4673 Regis
1120 4590 1368 4654 continentibus
1393 4594 1484 4675 quod

225 4692 335 4757 dictus
352 4693 445 4756 Prior
459 4714 570 4756 coram
587 4693 784 4775 justiciariis
800 4693 889 4776 apud
919 4694 1253 4757 Westmonasterium
1278 4697 1484 4778 recuperavit

225 4797 382 4860 seisinam
406 4817 501 4860 suam
526 4819 638 4861 versus
661 4798 850 4880 Johannem
874 4797 917 4861 de
942 4798 1058 4861 Karon
1086 4797 1129 4862 de
1153 4798 1374 4864 advocatione
1394 4800 1484 4866 dicte

225 4900 364 4965 ecclesie
388 4921 447 4983 per
469 4902 608 4964 assisam
637 4901 753 4965 ultime
778 4902 1044 4984 presentationis,
1070 4911 1141 4978 etc,
1165 4922 1223 4984 per
1247 4922 1320 4983 que,
1344 4915 1415 4981 etc,
1438 4905 1481 4968 ad

226 5004 367 5072 eandem
384 4991 550 5074 admissus
565 5015 625 5083 est,
640 5015 701 5071 etc.
748 5007 794 5071 Et
810 5005 1008 5070 mandatum
1024 5017 1075 5070 est
1090 5004 1182 5070 dicto
1198 5005 1343 5071 Officiali
1361 5017 1406 5086 ut,
1421 5019 1482 5074 etc
