3609 5642
1765 148 1766 187 i

1765 305 1766 371 i

1291 476 1293 481 ,

346 556 418 645 318
701 553 838 627 Rutuli
850 553 1030 650 Hngonis
1055 553 1099 625 de
1126 554 1259 627 Welles

1765 728 1766 815 i

345 788 490 857 [Benedtct
502 789 537 843 de
553 790 659 859 Bnrgo,
671 790 830 853 srebdeaeon
845 788 996 857 presented
1012 789 1046 858 by
1064 788 1109 843 tlte
1120 788 1209 843 Arbor
1224 788 1285 842 and
1297 789 1423 843 Convent
1439 789 1475 857 of
1490 789 1610 851 Oresten,

411 871 506 929 Ier'cs..
518 873 544 924 rs
554 872 699 925 instituted
708 877 736 924 to
745 871 792 924 tire
802 871 903 924 chureii
915 872 952 938 os
958 870 1119 937 suosne]

434 981 929 1048 Summotis—Benedictus
951 981 993 1045 de
1014 982 1134 1065 Burgo,
1151 981 1384 1059 subdiaconus,
1401 991 1612 1065 presentatus

347 1106 406 1169 per
437 1085 608 1151 Abbatem
642 1096 677 1151 et
707 1096 909 1151 conventum
946 1085 988 1149 de
1022 1086 1246 1151 Osulvestone
1281 1086 1323 1150 ad
1359 1086 1533 1151 ecclesiam
1569 1088 1612 1152 de

347 1190 605 1266 Schlawestone‚
641 1191 732 1254 ⁴iacta
769 1191 860 1272 prius
899 1190 1114 1272 inquisitione
1153 1210 1211 1274 per
1249 1192 1297 1269 R.,
1326 1190 1610 1255 Archidiaconum

349 1293 555 1371 leircestrie,
586 1315 645 1376 per
681 1314 793 1375 quam,
823 1304 894 1369 etc,
925 1294 966 1357 ad
997 1292 1141 1357 eandem
1172 1294 1338 1358 admissus
1368 1305 1428 1371 est,
1458 1306 1519 1359 etc.
1568 1296 1612 1359 Et

347 1399 544 1463 mandatum
560 1409 612 1462 est
635 1399 745 1463 eidem
763 1398 1013 1462 Archidiacono
1029 1409 1075 1475 ut,
1090 1407 1150 1463 etc.

345 1696 452 1764 [Ralplr
463 1696 498 1749 de
508 1696 651 1758 Drattom,
660 1695 800 1763 chaplae'n,
802 1696 954 1761 presented
961 1696 994 1763 by
999 1695 1029 1761 J.
1040 1694 1074 1748 de
1088 1694 1210 1763 Capella,
1222 1695 1496 1765 Pnbroerisckley.
1504 1702 1614 1765 prvctor

402 1780 459 1846 sor
473 1778 519 1831 the
533 1778 624 1830 Arbor
637 1776 699 1830 and
711 1776 838 1830 Conveni
853 1778 889 1842 os
899 1776 972 1842 Lr're,
990 1777 1164 1843 Normnndy,
1176 1778 1354 1831 etinstr'tuted
1368 1783 1396 1831 to
1412 1778 1458 1831 the
1468 1780 1571 1833 chrrrch
1582 1781 1617 1849 os

413 1858 517 1928 Fenny
529 1859 680 1927 Drayton.]

437 1968 876 2033 DREYTONE.—Raduiius
906 1969 949 2033 de
977 1970 1148 2046 Draitone,
1173 1970 1374 2054 capellanus,
1401 1981 1611 2055 presentatus

348 2095 406 2157 per
437 2075 589 2139 Fratrem
614 2074 642 2156 J.
673 2074 717 2138 de
749 2074 896 2157 Capella,
929 2076 1075 2139 Priorem
1091 2075 1146 2139 'de
1173 2075 1331 2151 Hinkala,
1362 2088 1610 2158 procuratorem

348 2178 493 2242 Abbatis
508 2188 542 2241 et
558 2188 743 2242 conventus
759 2178 803 2242 de
820 2179 910 2260 Lyra
923 2180 955 2241 in
974 2179 1199 2243 Lincolniensi
1216 2180 1340 2243 diocesi
1356 2181 1557 2262 generalem,
1568 2183 1609 2245 ad

347 2281 521 2346 ecclesiam
542 2280 585 2345 de
612 2282 781 2357 Dreitone,
807 2281 895 2346 facta
922 2282 1013 2364 prius
1033 2284 1248 2365 inquisitione
1273 2304 1332 2365 per
1358 2284 1406 2360 R.‚
1434 2284 1610 2350 Archidia-

347 2406 469 2449 conum
488 2386 692 2462 Leircestrie‚
704 2407 762 2470 per
777 2406 889 2468 quam,
901 2397 973 2461 etc,
986 2387 1028 2450 ad
1046 2388 1187 2451 eandem
1205 2386 1370 2451 admissus
1385 2400 1518 2465 estete.
1568 2392 1611 2455 Et

351 2489 547 2553 mandatum
564 2499 615 2552 est
630 2488 740 2553 eidem
755 2489 1004 2553 Archidiacono
1020 2500 1065 2566 ut,
1081 2500 1141 2553 etc.

348 2811 464 2879 [Robert
476 2826 527 2863 son
534 2812 571 2880 os
574 2809 666 2879 Hugh
678 2809 712 2863 de
722 2809 828 2878 Saleby,
837 2809 1005 2873 madon,
1013 2811 1162 2879 presented
1170 2812 1203 2879 by
1210 2811 1302 2881 Hugh
1313 2812 1348 2865 de
1358 2812 1529 2881 Re'ngedone,
1538 2816 1614 2883 aster

413 2908 432 2945 a
441 2894 551 2961 dr'spute
561 2892 644 2945 aberet
653 2892 699 2945 tire
704 2896 870 2961 patronage‚
883 2893 909 2945 is
919 2894 1066 2946 e'nstituted
1074 2898 1102 2946 to
1113 2893 1159 2946 the
1171 2894 1272 2948 church
1282 2896 1319 2962 of
1325 2894 1468 2965 K'r'rtrcote]

343 3000 350 3015 ⁶
437 3003 1027 3083 KYNEMUNDECOTE.-Robertus,
1071 3004 1156 3068 filius
1203 3005 1359 3089 Hugonis
1396 3008 1439 3071 de
1477 3009 1611 3094 Saieby,

349 3109 583 3186 subdiaconus,
600 3118 811 3189 presentatus
827 3129 886 3191 per
904 3108 1086 3191 Hugonem
1103 3110 1147 3173 de
1164 3109 1364 3192 Ringedone
1378 3110 1422 3174 ad
1435 3112 1610 3177 ecclesiam

349 3212 393 3276 de
409 3212 714 3288 Kinemundecote‚
730 3212 818 3274 iacta
842 3212 932 3295 prius
954 3211 1169 3293 inquisitione
1186 3233 1244 3296 per
1261 3213 1309 3289 R.,
1326 3213 1610 3281 Archidiaconum

352 3317 547 3381 Leircestrie
578 3336 636 3398 per
665 3336 778 3398 quam,
807 3326 878 3392 eto,
906 3316 948 3380 ad
975 3316 1125 3397 ¹eandem
1158 3316 1323 3381 admissus
1353 3329 1414 3393 est,
1444 3330 1505 3383 etc.
1568 3322 1612 3385 Et

350 3419 546 3484 mandatum
577 3430 628 3482 est
665 3419 774 3483 eidem
814 3419 1063 3483 Archidiacono
1096 3432 1141 3497 ut,
1171 3429 1232 3484 etc.
1280 3421 1538 3488 Memorandum
1570 3425 1611 3489 de

351 3524 468 3588 litteris
497 3521 625 3586 domini
658 3523 761 3605 Regis
799 3524 941 3605 receptis
971 3532 1050 3586 ante
1084 3524 1327 3589 institutionem
1363 3525 1548 3608 predictam
1578 3537 1612 3592 et

349 3625 599 3691 continentibus
626 3625 716 3708 quod
748 3647 825 3689 cum
856 3627 960 3709 Hugo
985 3628 1028 3690 de
1060 3627 1268 3711 Ringedone,
1293 3630 1326 3691 in
1351 3630 1441 3693 curia
1460 3632 1610 3712 ejusdem

351 3731 479 3795 domini
511 3752 622 3796 coram
646 3732 838 3813 justiciariis
876 3734 944 3795 suis
978 3733 1068 3815 apud
1107 3734 1453 3813 Westmonasterium,
1485 3746 1611 3819 peteret

355 3854 469 3898 versus
487 3835 632 3899 Priorem
650 3835 692 3898 de
709 3835 883 3901 Schelt'ord
896 3836 1152 3901 advocationem
1168 3838 1306 3902 ecclesie
1322 3838 1365 3902 de
1381 3838 1611 3905 Kinemunde-

351 3947 427 4001 cote
437 3958 496 4020 per
505 3940 644 4002 assisam
657 3939 773 4002 ultime
785 3941 1041 4021 presentationis
1052 3940 1095 4003 ibi
1109 3940 1187 4004 inde
1197 3942 1283 4005 inter
1293 3962 1350 4005 eos
1362 3946 1612 4023 summonitam,

353 4041 442 4105 idem
475 4041 567 4104 Prior
597 4043 689 4107 venit
720 4043 753 4105 in
784 4042 901 4110 eadem
934 4044 1025 4107 curia
1054 4054 1088 4107 et
1114 4046 1307 4127 recognovit
1330 4046 1439 4110 eidem
1473 4048 1611 4131 Hugoni

353 4146 634 4228 presentationem
656 4167 750 4210 suam
771 4146 814 4210 ad
833 4146 976 4210 eandem
996 4148 1181 4225 ecclesiam,
1200 4159 1235 4212 et
1255 4151 1381 4214 remisit
1404 4159 1438 4215 et
1462 4152 1609 4234 quietam

353 4248 510 4311 clamavit
537 4248 646 4313 eidem
675 4249 814 4332 Hugoni
834 4262 868 4313 et
888 4249 1066 4314 heredibus
1086 4252 1154 4314 suis
1178 4252 1221 4316 de
1245 4273 1281 4315 se
1304 4264 1339 4316 et
1367 4254 1611 4319 successoribus

353 4352 421 4415 suis
445 4361 555 4415 totum
579 4352 633 4433 jus
659 4364 693 4416 et
723 4352 880 4416 ciamium
907 4352 996 4435 quod
1028 4354 1145 4419 habuit
1177 4356 1209 4419 in
1240 4356 1359 4420 eadem
1391 4356 1611 4423 advocatione

354 4455 387 4519 in
404 4466 611 4539 perpetuum.

354 4700 500 4769 [naeuus
514 4701 677 4769 spuma
689 4702 857 4765 medeam.
871 4704 1021 4770 presented
1033 4704 1066 4772 ey
1080 4704 1201 4773 Goesny
1212 4706 1371 4775 spuma
1386 4708 1411 4759 a
1426 4707 1612 4762 instituente

418 4782 576 4837 enuclearet
586 4782 771 4853 usnawur]

442 4886 918 4952 Scauwams.-Nicholaus
943 4890 1131 4973 Spigurnel,
1149 4890 1382 4969 subdiaconus,
1402 4902 1611 4973 presentatus

357 5010 416 5073 per
441 4989 659 5054 Godefridum
684 4991 861 5074 Spigumel
883 4992 925 5056 ad
946 4994 1119 5057 ecclesiam
1140 4992 1182 5057 de
1203 4994 1394 5071 Schawelle‚
1411 4995 1503 5059 ¹sacta
1522 4998 1611 5081 prius
