3609 5642
614 566 792 662 Episcopi
807 565 1089 641 Le'ncolniensr's.
1274 635 1280 644 .
1437 576 1485 663 63

227 801 326 872 [Azan.
338 803 473 870 cleptein.
487 803 513 854 r's
528 801 673 854 instituted
686 806 712 853 to
732 801 777 854 rte
791 803 941 870 perpetuat
956 805 1088 880 vicorage
1106 806 1142 872 eff
1154 805 1199 857 ttre
1214 805 1315 858 churclr
1330 807 1366 873 of
1376 805 1478 859 Willen

296 884 323 936 Τ
320 884 354 938 he
364 885 582 952 vicoragersset
590 884 657 953 ortt]
1445 919 1448 924 -

317 1004 645 1070 W1L1Es.-Eodem
662 1004 716 1069 die
734 1005 873 1082 AlanuS,
888 1007 1114 1089 cappellanus,
1126 1029 1185 1090 per
1199 1006 1336 1070 eosdem
1353 1006 1396 1082 ad
1414 1028 1485 1090 per-

228 1122 365 1194 petuam
397 1111 552 1173 vicariam
583 1110 721 1174 ecclesie
744 1109 787 1174 de
810 1110 936 1187 Wilies,
958 1111 1047 1174 facta
1069 1113 1160 1194 prius
1183 1112 1396 1194 inquisitione
1423 1132 1483 1194 per

229 1214 416 1281 Officialem
443 1214 793 1297 Bukinghamiensem,
815 1225 891 1300 etc,
906 1216 1072 1279 admissus
1094 1226 1155 1295 est,
1173 1226 1208 1280 et
1230 1217 1263 1278 in
1283 1237 1323 1280 ea
1344 1217 1484 1280 vicarius

229 1329 410 1402 perpetuus
426 1319 604 1382 institutus
651 1319 697 1382 Et
713 1319 865 1383 consistit
880 1321 937 1383 illa
952 1321 1072 1384 vicaria
1088 1321 1122 1383 in
1138 1330 1211 1384 toto
1231 1321 1388 1403 altelagio
1406 1340 1482 1384 cum

228 1433 317 1510 terra¹
335 1421 474 1486 ecclesie
492 1431 526 1485 et
546 1421 632 1486 tofto
652 1421 695 1484 ad
716 1423 822 1505 ipsam
842 1423 1017 1486 ecclesiam
1039 1425 1234 1506 pertinente,
1249 1434 1283 1486 et
1306 1423 1486 1488 medietate

228 1525 406 1611 garbarum
444 1525 487 1588 de
524 1525 662 1589 decimis
700 1525 731 1589 in
771 1526 843 1608 ipsa
880 1526 1037 1609 parochia
1070 1527 1347 1610 provenientium,
1376 1536 1410 1590 et
1441 1525 1484 1590 ad

228 1630 386 1694 vicariam
408 1628 547 1692 ecclesie
562 1629 605 1692 de
629 1629 832 1693 Bradewelle
854 1630 1033 1712 pertinebit
1057 1639 1165 1693 totum
1189 1628 1392 1712 altelagium,
1407 1650 1484 1692 curn

229 1734 370 1798 dimidia
403 1735 531 1816 virgata
561 1742 646 1797 terre
675 1743 710 1796 et
746 1735 918 1815 mesuagio
949 1733 992 1796 ad
1023 1733 1197 1797 ecclesiam
1234 1731 1486 1816 pertinentibus,

229 1850 265 1903 et
280 1838 377 1902 tertia
393 1857 469 1920 pars
484 1836 661 1920 garbarum
678 1836 720 1900 de
736 1837 873 1900 decimis
890 1838 923 1900 in
940 1839 1012 1920 ipsa
1030 1836 1188 1920 parochia
1209 1837 1484 1919 provenientium.

232 1942 280 2006 Et
295 1941 492 2005 mandatum
508 1950 560 2005 est
575 1938 719 2005 Officiali
737 1939 1044 2023 Bukinghamiensi,
1058 1950 1129 2016 eto,
1148 1941 1248 2022 quod,
1263 1951 1324 2004 etc.

319 2043 376 2128 [In
403 2042 455 2107 the
482 2042 613 2124 margin
625 2043 695 2125 :-]
719 2043 913 2126 Exigantur
935 2043 1044 2107 littere
1067 2043 1325 2126 presentationis
1348 2044 1485 2107 istarum

234 2148 432 2212 vicariarum
449 2145 602 2230 [marked
612 2167 650 2210 as
665 2147 828 2228 referring
841 2156 871 2209 to
887 2146 940 2209 tlte
954 2157 1020 2210 troo
1034 2147 1100 2211 lost
1112 2147 1253 2230 entn‘es].

309 2315 346 2366 M.
382 2354 387 2366 .

230 2313 549 2466 [Gitlert,³s]1ooeacon,
567 2395 713 2448 tentituted
727 2400 754 2448 to
771 2395 817 2448 tlte
833 2397 965 2464 uicorage
980 2398 1016 2465 of
1028 2395 1212 2459 Hardrneod,·
1228 2396 1379 2464 presented
1394 2396 1428 2466 by
1443 2396 1490 2449 tlte

295 2479 381 2534 Prr'or
389 2478 451 2532 ond
462 2477 587 2532 Convent
595 2477 631 2545 os
637 2477 769 2547 Menon]

322 2595 753 2660 HARLEMEDE.—Octavo
793 2594 966 2659 Kalendas
1005 2595 1163 2660 Octobris
1202 2595 1381 2674 Gilbertus,
1411 2599 1487 2661 sub-

231 2702 400 2778 diaconus,
432 2710 642 2783 presentatus
673 2721 731 2782 per
762 2701 910 2764 Priorem
935 2711 969 2764 et
992 2710 1176 2764 conventus
1199 2702 1241 2764 de
1267 2702 1421 2764 Mertone
1444 2701 1487 2765 ad

229 2806 405 2871 ecclesiam
436 2805 479 2869 de
512 2805 724 2882 Harlemede,
748 2804 836 2867 sacta
864 2806 954 2887 prius
978 2806 1191 2887 inquisitione
1215 2825 1274 2888 per
1300 2804 1487 2870 Officialem

146 2947 151 2958 ·
231 2909 584 2993 Bukinghamiensem,
600 2928 658 2990 per
676 2928 787 2989 quam,
808 2917 879 2984 etc,
894 2907 1060 2971 admissus
1081 2922 1132 2973 est
1155 2918 1189 2972 et
1211 2909 1244 2970 in
1257 2922 1307 2971 'ea
1327 2909 1487 2971 canonice

232 3033 375 3099 persona
391 3014 569 3077 institutus.
618 3013 663 3075 Et
675 3011 872 3102 mandatum
885 3021 936 3074 est
950 3010 1094 3076 Officiali
1108 3011 1414 3095 Bulringhamiensi‚
1426 3021 1487 3074 etc.

232 3216 354 3286 [Gr'lbert
372 3215 406 3270 de
424 3214 687 3282 Hauerrrngedune,
705 3213 844 3281 chophrin,
857 3213 1007 3281 presented
1022 3214 1056 3282 oy
1071 3214 1117 3267 the
1134 3214 1220 3268 Prior
1236 3214 1297 3267 ond
1316 3212 1443 3267 Convent
1459 3215 1495 3283 os

297 3297 472 3360 Souttrroark,
485 3298 510 3350 r's
521 3295 665 3350 instituted
667 3294 819 3364 perpetual
827 3296 908 3349 vicar
915 3296 951 3365 os
957 3296 1039 3349 Stoke
1049 3295 1147 3365 Poges.
1186 3295 1242 3348 The
1253 3296 1341 3349 Pn'or
1348 3295 1410 3348 and
1422 3295 1490 3349 Con·

296 3385 424 3434 ventare
435 3386 462 3434 to
477 3381 539 3434 take
550 3380 670 3448 nothing
686 3379 786 3448 byrris
795 3378 968 3447 adnisam]

319 3499 485 3564 VICARIA
507 3511 556 3561 DE
579 3497 889 3564 Stoma—Sexto
916 3496 996 3560 Idus
1021 3497 1230 3573 Novembris,
1253 3495 1424 3561 Gilbertus
1447 3495 1490 3557 de

235 3603 543 3686 Haverringedune,
574 3602 798 3684 cappellanus,
829 3610 1039 3683 presentatus
1070 3621 1129 3683 per
1159 3601 1306 3663 Priorem
1342 3610 1377 3664 et
1410 3618 1489 3662 con-

231 3719 370 3773 ventum
394 3706 436 3771 de
467 3706 615 3771 Sutwerc
646 3705 689 3768 ad
721 3714 916 3788 perpetuam
941 3704 1097 3767 vicariam
1125 3704 1263 3767 ecclesie
1286 3702 1328 3766 de
1357 3702 1490 3778 Stolres,

233 3813 321 3878 sacta
352 3813 442 3894 prius
473 3811 687 3895 inquisitione
718 3830 777 3892 per
809 3809 1009 3892 Magistrum
1041 3809 1089 3884 T..
1120 3806 1308 3872 Officialem
1341 3807 1489 3888 Bulring-

233 3917 449 3992 hamiensem,
460 3936 518 3998 per
533 3935 644 3997 quam,
660 3924 730 3992 etc,
746 3912 913 3976 admissus
928 3923 979 3977 est
995 3924 1029 3976 et
1046 3913 1078 3975 in
1095 3933 1135 3976 ea
1152 3923 1331 3994 perpetuus
1349 3912 1491 3975 vicarius

233 4023 415 4096 institutus,
439 4031 474 4083 et
498 4029 616 4084 taxata
640 4030 691 4083 est
717 4039 818 4101 supra
845 4018 878 4080 in
906 4037 995 4081 anno
1019 4016 1265 4080 terciodecimo.
1314 4016 1490 4080 Institutus

232 4134 285 4189 est
309 4126 364 4200 ita,
388 4135 512 4200 tamen,
536 4123 626 4205 quod
656 4123 758 4184 Priori
783 4133 817 4186 et
842 4122 1021 4185 conventui
1046 4120 1089 4183 de
1114 4120 1248 4184 Suwerc
1279 4119 1379 4182 nichil
1408 4117 1490 4200 juris

232 4237 401 4293 accrescat
421 4248 479 4311 per
499 4227 585 4291 hanc
606 4227 844 4290 admissionem
865 4236 899 4289 et
920 4224 1171 4289 institutionem.
1222 4223 1267 4286 Et
1293 4221 1489 4285 mandatum

231 4343 285 4397 est
300 4333 391 4396 dicto
408 4330 552 4396 Officiali
568 4330 668 4412 quod,
683 4339 744 4393 etc.

423 4503 887 4570 Burmannus-Annus
911 4501 1090 4585 Qurnrus
1113 4500 1296 4564 Dscrnvs.

230 4648 372 4719 [Geoffrey
382 4647 507 4708 Mansor,
520 4646 687 4709 snb-deacon,
692 4643 840 4714 presented
845 4645 877 4712 ty
885 4643 979 4697 Irvors
985 4643 1082 4703 Melet,
1090 4641 1199 4709 knight,
1211 4641 1277 4693 who
1285 4639 1345 4692 had
1350 4640 1492 4692 recovered

297 4731 343 4785 the
348 4733 509 4798 patronoge
511 4729 593 4796 from
605 4728 650 4780 tlte
660 4727 748 4780 Prior
757 4728 792 4796 of
802 4726 844 4780 St.
850 4726 930 4791 John
941 4726 976 4794 os
981 4725 1139 4792 serietatem
1150 4723 1211 4776 and
1217 4721 1349 4790 Rogerde
1360 4719 1491 4773 Wimber-

296 4813 372 4873 vt‘lle.
384 4813 409 4865 ἐς
420 4810 566 4864 instituted
569 4813 675 4878 parson
687 4811 723 4878 os
731 4808 892 4877 Quainton]

320 4927 767 5014 QUENTONF..-Galsridus
793 4927 939 5003 Mansor,
959 4925 1192 5001 subdiaconus,
1217 4930 1427 5006 presentatus
1446 4919 1489 4982 ad

232 5036 409 5101 ecclesiam
436 5034 480 5097 de
510 5033 691 5117 Quentone
721 5053 780 5118 per
813 5031 957 5095 lrvoium
985 5029 1099 5106 Malet,
1122 5027 1272 5103 militem,
1294 5025 1351 5107 qui
1374 5033 1490 5087 contra
