3609 5642
339 562 386 650 76
684 555 821 628 Rotulz'
843 555 1021 650 Hugonz‘s
1046 554 1090 627 de
1122 553 1253 628 Welles

339 793 470 860 [Berard,
482 794 580 846 wnur
588 798 616 845 to
626 791 672 845 tlte
683 792 765 860 Pope,
776 793 801 845 ἐς
812 791 958 845 austum
971 797 998 845 to
1009 791 1054 844 tlte
1065 792 1166 845 cturct
1179 792 1214 860 of
1220 792 1420 861 Cteddingtor,
1433 809 1470 846 or
1481 792 1526 846 the
1532 797 1596 862 pre·

403 876 539 928 sentation
559 876 595 943 os
608 874 653 927 the
673 874 761 927 Prior
775 874 836 926 and
852 874 978 927 Convent
992 875 1027 942 of
1038 873 1078 927 st.
1094 874 1211 927 Oswald
1224 875 1260 942 os
1271 874 1392 942 ll'ostley.
1427 874 1519 942 Ralph
1537 875 1598 928 ard

404 957 488 1010 Elias
498 957 532 1009 de
545 955 698 1009 Chaendoit
707 972 840 1010 renounce
851 957 925 1010 their
933 957 1031 1008 claims
1041 961 1068 1008 to
1079 956 1123 1009 tlte
1134 956 1307 1026 advowson.]

425 1060 929 1144 CHETINGDONE.-Magister
960 1060 1133 1137 Berardus,
1163 1061 1290 1125 domini
1322 1061 1413 1144 Pape
1445 1062 1593 1144 scriptor,

337 1174 548 1247 presentatus
572 1185 631 1247 per
655 1164 802 1227 Priorem
826 1175 860 1227 et
883 1174 1086 1228 conventum
1111 1165 1226 1230 Sancti
1252 1164 1400 1229 Oswaldi
1424 1163 1467 1228 de
1492 1165 1593 1228 Nosti

336 1268 379 1331 ad
395 1267 569 1331 ecclesiam
580 1267 623 1330 de
634 1265 875 1349 Chetingdone,
888 1267 977 1330 facta
990 1268 1079 1350 prius
1092 1268 1305 1350 inquisitione
1317 1288 1377 1350 per
1394 1267 1591 1350 Magistrum

338 1371 382 1446 Ρ.,
405 1369 592 1434 Officialem
618 1369 971 1453 Bukinghamiensem,
995 1370 1142 1434 Radulfo
1164 1382 1198 1435 et
1224 1371 1324 1434 Helia
1339 1370 1382 1434 de
1405 1369 1592 1436 Chaendoit

336 1475 554 1558 appellationi
570 1494 672 1556 quarn
696 1495 795 1558 super
818 1474 1039 1539 advocatione
1062 1476 1149 1538 illius
1164 1476 1303 1539 ecclesie
1326 1477 1592 1557 interposuerant

336 1578 613 1656 renuntiantibus,
636 1599 695 1662 per
717 1600 791 1662 que,
813 1589 884 1655 etc,
908 1580 951 1643 ad
974 1580 1116 1645 eandem
1141 1580 1307 1644 admissus
1329 1589 1388 1643 est
1436 1581 1481 1643 Et
1500 1599 1591 1642 man-

335 1682 452 1747 datum
468 1693 520 1747 est
535 1683 626 1747 dicto
643 1682 786 1747 Officiali
804 1693 849 1760 ut,
864 1693 926 1746 etc.

334 1835 475 1904 [Willr'am
486 1834 520 1887 de
529 1835 662 1894 Graham‚
674 1851 710 1887 on
722 1833 766 1887 tlte
772 1835 963 1901 presentation
971 1833 1008 1901 of
1013 1834 1059 1885 tlte
1069 1834 1158 1886 Abtot
1172 1834 1234 1887 and
1244 1833 1370 1887 Convent
1384 1835 1420 1903 os
1425 1833 1466 1887 st.
1477 1834 1589 1897 Albane,

400 1916 582 1970 r'sr'nstituted
595 1922 621 1970 to
638 1916 682 1969 tlte
699 1915 798 1968 church
816 1920 847 1984 ry
868 1915 1028 1983 Wingrave,
1040 1915 1111 1968 void
1124 1915 1158 1983 by
1173 1915 1218 1968 tlte
1229 1915 1404 1982 prefmnert
1416 1916 1452 1984 of
1463 1913 1589 1982 septem

399 1999 454 2052 late
464 2001 573 2065 rector]

421 2102 865 2185 WENGRAVE.-Magister
899 2101 1088 2166 Willelmus
1118 2102 1161 2165 de
1193 2101 1350 2178 Graham‚
1381 2110 1590 2183 presentatus

333 2225 393 2288 per
409 2205 580 2270 Abbatem
604 2216 637 2269 et
653 2215 855 2270 conventum
881 2206 997 2271 Sancti
1022 2206 1147 2269 Albani
1164 2206 1206 2269 ad
1230 2205 1406 2269 ecclesiam
1430 2204 1473 2269 de
1489 2203 1590 2268 Wen-

332 2329 443 2392 grava,
459 2319 599 2373 vacante
614 2330 654 2372 eo
670 2308 760 2391 quod
779 2309 942 2392 Magister
958 2310 1159 2392 Stephanus
1175 2310 1294 2372 ultimo
1306 2319 1415 2372 rector
1430 2307 1590 2389 ejusdem,

331 2413 422 2477 aliud
446 2415 572 2496 recepit
594 2413 790 2477 beneficium
820 2433 895 2476 cum
919 2434 998 2476 cura
1020 2414 1216 2491 animarum,
1233 2413 1320 2476 iacta
1344 2414 1434 2496 prius
1455 2412 1590 2494 inquisi-

332 2517 423 2580 tione
439 2537 497 2599 per
515 2517 714 2600 Magistrum
739 2517 783 2592 P,
807 2516 995 2581 Officialem
1020 2516 1373 2600 Bukinghamiensem,
1397 2538 1456 2601 per
1478 2537 1589 2602 quam,

331 2629 402 2697 etc,
418 2619 459 2684 ad
472 2619 614 2684 eandem
626 2619 792 2683 admissus
804 2630 864 2697 est,
880 2631 942 2684 etc.
990 2621 1035 2684 Et
1048 2619 1244 2684 mandatum
1257 2631 1309 2684 est
1319 2621 1410 2684 dicto
1425 2621 1589 2704 Magistro

332 2726 366 2788 P.
383 2734 428 2800 ut,
443 2733 505 2788 etc.

297 2929 299 2934 ,
330 2875 472 2944 [Wiltiam
488 2875 522 2928 de
540 2875 648 2937 Linton,
661 2873 799 2941 choplain,
812 2874 930 2927 collated
943 2875 1046 2928 tleereto
1061 2874 1150 2943 hythe
1167 2875 1281 2942 Br'sltop,
1295 2876 1320 2926 ts
1338 2875 1484 2928 instituted
1501 2881 1528 2928 to
1545 2876 1590 2930 tlte

396 2957 495 3010 church
514 2958 550 3025 eff
567 2956 695 3009 Woburn.
733 2956 869 3008 Thereout
887 2973 919 3021 15
936 2956 1030 3010 marles
1046 2955 1183 3024 annualty
1199 2972 1247 3010 are
1262 2956 1393 3010 reservet
1405 2964 1433 3010 to
1450 2957 1496 3010 the
1507 2957 1588 3010 Dean

395 3039 457 3092 and
467 3040 590 3108 Chapter
598 3040 634 3107 os
640 3038 775 3106 Lincolnl

419 3138 892 3205 WOUBURNE.—Willelmus
908 3138 951 3201 de
976 3139 1129 3216 Lintone,
1145 3140 1347 3222 capellanus
1363 3140 1415 3204 cui
1431 3140 1588 3205 dominus

333 3245 521 3327 Episcopus
544 3243 719 3306 ecclesiam
750 3241 792 3305 de
824 3243 1004 3319 Wobume,
1031 3263 1096 3324 que
1119 3253 1171 3306 est
1202 3242 1245 3306 de
1275 3242 1495 3309 advocatione
1518 3265 1588 3320 sua,

330 3347 479 3423 contulit,
502 3347 661 3410 canonice
684 3347 718 3408 in
741 3367 781 3409 ea
805 3366 947 3428 persona
969 3356 1020 3410 est
1044 3347 1224 3424 institutus,
1247 3367 1322 3410 cum
1351 3367 1452 3412 onere
1474 3348 1587 3412 minis-

330 3450 439 3515 trandi
457 3450 673 3533 personaliter
690 3449 722 3511 in
738 3449 865 3513 eadem.
913 3450 1022 3515 Salvis
1031 3449 1162 3513 dilectis
1173 3451 1247 3514 filiis
1257 3450 1386 3514 decano
1395 3461 1430 3515 et
1440 3453 1587 3534 capitulo

332 3554 556 3619 Lincolniensi
572 3553 763 3635 quindecim
781 3554 900 3616 marcis
924 3555 1043 3617 annuis
1058 3554 1102 3617 de
1116 3554 1235 3618 eadem
1258 3575 1317 3636 per
1332 3574 1468 3618 manum
1485 3555 1588 3638 ipsius

330 3659 490 3723 Willelmi
521 3668 554 3722 et
585 3677 811 3720 successorum
843 3677 988 3734 suorum,
1016 3658 1119 3741 ipsius
1144 3658 1282 3722 ecclesie
1306 3679 1532 3741 personarum,
1554 3659 1587 3722 in

328 3772 472 3844 quatuor
508 3761 586 3824 anni
618 3760 777 3838 terminis,
806 3759 849 3823 de
879 3762 1094 3825 concessione
1122 3770 1158 3825 et
1194 3760 1448 3826 confirmatione
1486 3763 1588 3845 ipsius

329 3865 457 3929 domini
495 3865 655 3948 Episcopi
687 3863 916 3947 percipiendis.
962 3865 1008 3929 Et
1046 3865 1242 3929 mandatum
1279 3876 1332 3929 est
1369 3865 1509 3930 Decano
1545 3867 1588 3932 de

330 3968 507 4032 Wicumbe
523 3977 560 4030 ut
574 3969 646 4032 vice
662 3967 910 4043 Archidiaconi,
925 3977 986 4032 etc.

329 4125 444 4194 [Rattlt.
456 4142 507 4178 son
518 4129 549 4194 ο]
561 4124 659 4194 Roger,
673 4125 811 4192 ckaplar'n.
824 4142 860 4178 on
872 4125 917 4178 the
923 4127 1112 4193 prescrutator
1123 4125 1159 4194 of
1165 4125 1216 4183 M..
1227 4125 1274 4179 tlte
1284 4131 1376 4189 rector,
1389 4126 1459 4179 with
1470 4126 1516 4180 the
1526 4143 1588 4181 cor·

394 4205 611 4356 Ξῖἐέἠῗῖῄψῖ).
623 4206 657 4258 de
668 4206 853 4274 Beauclramp,
861 4210 973 4274 patron,
986 4208 1011 4259 is
1021 4207 1166 4259 instituted
1178 4211 1206 4258 to
1216 4205 1263 4258 the
1272 4208 1403 4274 mearage
1414 4207 1450 4275 of
1461 4207 1588 4277 Drayton

418 4388 632 4452 DREYTONE
670 4388 1054 4454 VICARIA.—Radulius
1091 4388 1178 4451 filius
1218 4387 1350 4470 Rogeri,
1387 4388 1588 4471 capellanus,

331 4502 541 4577 presentatus
567 4513 626 4575 per
652 4493 707 4569 M.,
734 4504 895 4556 rectorem
920 4493 1059 4557 ecclesie
1085 4493 1128 4557 de
1156 4493 1338 4575 Dreytone,
1364 4491 1407 4556 ad
1431 4493 1586 4557 vicariam

329 4597 480 4679 ejusdem
496 4596 643 4673 ecclesie,
659 4597 899 4661 interveniente
920 4597 1047 4661 domini
1065 4599 1115 4660 W.
1132 4596 1175 4660 de
1191 4596 1285 4660 Bello
1301 4595 1440 4679 Campo,
1455 4597 1586 4679 patroni

330 4701 490 4782 ejusdem,
528 4721 675 4777 assensu,
713 4700 801 4765 sacta
840 4703 930 4784 prius
969 4703 1182 4784 inquisitione
1212 4721 1271 4784 per
1303 4700 1502 4783 Magistrum
1543 4702 1586 4778 Ρ.,

331 4805 517 4871 Officialem
536 4805 886 4887 Bukinghamiensem,
903 4827 1087 4889 perquam,
1102 4817 1172 4882 etc,
1188 4804 1230 4868 ad
1254 4804 1397 4868 eandem
1420 4804 1586 4868 admissus

329 4920 390 4986 est,
405 4930 480 4972 cum
498 4929 597 4972 onere
613 4920 647 4971 et
664 4928 750 4990 pena
767 4910 971 4971 vicariorum.
1017 4909 1179 4973 Consistit
1195 4918 1306 4971 autem
1325 4908 1397 4989 ipsa
1413 4907 1534 4970 vicaria
1549 4917 1585 4970 ut

331 5031 431 5095 supra
446 5031 535 5074 anno
547 5021 667 5094 quarto
682 5011 821 5075 decimo.
870 5012 915 5074 Et
926 5011 1122 5076 mandatum
1137 5022 1189 5076 est
1199 5011 1291 5074 dicto
1307 5009 1451 5076 Officiali
1464 5020 1510 5086 ut,
1523 5021 1583 5075 etc.
