3609 5642
589 586 768 682 Episcopi
783 587 1065 661 Linrolniensis.
1408 615 1478 685 305

223 825 360 895 [Richard
378 826 413 879 de
433 824 608 893 Stavenesby,
630 824 800 885 sutdeucon.
817 826 966 894 presented
985 825 1018 893 by
1042 826 1088 879 the
1112 804 1200 879 Prin
1221 826 1283 878 und
1304 826 1487 897 Conventus

284 908 400 971 Nerion,
415 907 552 970 Cheslrire,
565 907 591 959 is
601 907 748 960 instituted
756 912 784 959 te
794 907 840 960 the
850 907 1087 975 cirnrclerescastle
1098 907 1284 977 Donzngtonq

307 1043 815 1109 DONINGTONE.—Richardus
838 1043 881 1107 de
905 1043 1125 1127 Stavenesby,
1148 1044 1381 1122 subdiaconus
1406 1067 1478 1129 pre·

220 1158 372 1210 sentatus
395 1168 454 1230 per
478 1149 625 1212 Priorem
646 1159 680 1211 et
706 1158 909 1211 conventum
933 1148 976 1211 de
1000 1148 1152 1211 Nortone
1174 1148 1217 1212 ad
1237 1149 1411 1213 ecclesiam
1436 1151 1478 1215 de

221 1250 450 1334 Doningtona,
487 1251 576 1315 sacta
613 1252 704 1333 prius
742 1250 957 1333 inquisitione
995 1271 1053 1333 per
1091 1251 1153 1329 W,
1192 1252 1476 1317 Archidiaconum

221 1351 409 1430 Leicestrie,
431 1365 466 1418 et
488 1354 649 1418 exhibitis
677 1354 794 1418 litteris
817 1353 946 1417 domini
974 1375 1060 1438 pape
1087 1354 1228 1417 Honorii
1251 1355 1477 1438 dispensantis

219 1475 294 1519 cum
311 1462 431 1521 eodem
448 1468 486 1521 ut
509 1459 607 1522 liceat
629 1460 659 1521 ei
684 1459 819 1521 unicum
843 1456 1042 1521 beneficium
1066 1460 1118 1521 cui
1141 1478 1229 1533 cura,
1244 1467 1315 1537 etc,
1331 1462 1477 1543 recipere

218 1568 339 1624 etcum
356 1563 447 1644 prius
463 1561 585 1625 habitis
602 1563 751 1639 retinere,
767 1583 826 1645 per
841 1582 916 1644 que,
931 1571 1002 1638 etc,
1017 1562 1060 1625 ad
1076 1562 1218 1627 eandem
1235 1563 1402 1627 admissus
1417 1574 1478 1641 est,

218 1673 277 1727 etc.
325 1665 371 1728 Et
388 1667 584 1729 mandatum
601 1677 652 1730 est
667 1666 758 1730 dicto
777 1665 1025 1729 Archidiacono
1041 1675 1087 1742 ut,
1102 1676 1163 1729 etc.

216 2040 313 2107 [Etrus
333 2040 368 2093 de
390 2042 588 2111 Keggewonie,
613 2043 751 2111 chaplain,
771 2042 922 2111 presented
946 2042 979 2111 by
1002 2043 1048 2095 tire
1069 2042 1197 2096 Prioress
1218 2044 1279 2096 and
1302 2044 1485 2113 conventos

279 2124 415 2193 langley,
426 2125 518 2188 Leies,
531 2126 556 2179 is
567 2125 714 2179 instituted
721 2131 748 2179 tu
759 2127 805 2179 the
815 2124 916 2180 cerurci
928 2127 964 2193 os
970 2125 1151 2191 Dr'eeworttr.]

305 2252 579 2318 DIGEVESURDE
604 2253 944 2332 VICAR1A‚—Helyas
960 2253 1003 2316 de
1016 2252 1258 2335 Keggeworde,
1273 2254 1475 2337 capellanus,

216 2367 427 2438 presentatus
443 2378 503 2440 per
520 2360 713 2422 Priorissam
729 2369 764 2422 et
780 2369 983 2421 conventum
999 2357 1042 2420 de
1059 2357 1240 2439 Langeleia
1256 2358 1299 2421 ad
1316 2360 1474 2424 vicariam

214 2461 353 2525 ecclesie
368 2460 411 2525 de
433 2462 714 2544 Digthesworthe‚
738 2463 826 2525 facta
849 2463 940 2545 prius
956 2462 1171 2544 inquisitione
1194 2482 1253 2545 per
1270 2463 1330 2540 W,
1354 2464 1474 2528 Archi-

215 2565 393 2628 diaconum
413 2566 601 2641 leicestrie,
618 2587 677 2649 per
699 2586 810 2649 quam,
821 2574 893 2642 etc,
909 2565 952 2628 ad
968 2565 1110 2629 eandem
1134 2565 1300 2629 admissus
1323 2578 1374 2632 est
1397 2589 1473 2633 cum

214 2689 315 2733 onere
338 2671 547 2747 vicariorum,
569 2681 631 2734 etc.
679 2671 725 2735 Et
749 2670 946 2734 mandatum
973 2678 1024 2734 est
1050 2668 1142 2734 dicto
1167 2669 1414 2735 Archidiacono
1436 2683 1475 2737 ut

214 2774 324 2856 ipsum
342 2773 376 2836 in
391 2773 600 2856 corporalem
616 2772 706 2838 dicte
721 2776 841 2838 vicarie
865 2774 1056 2857 portionum
1073 2774 1181 2838 eidem
1199 2776 1473 2859 transcriptarum

214 2877 459 2959 possessionem
476 2877 614 2941 inducat
629 2877 812 2942 secundum
830 2878 973 2941 formam
990 2888 1211 2959 prenotatam,
1227 2879 1368 2961 receptis
1384 2881 1474 2963 prius

214 2980 332 3043 litteris
349 2982 614 3062 presentationis.

709 3318 849 3382 Auuus
872 3314 979 3381 xrxv.

212 3467 354 3535 [William
381 3467 415 3520 de
437 3468 628 3537 Hungertone,
652 3469 790 3537 chuplain,
814 3469 965 3537 presented
983 3467 1016 3536 by
1038 3467 1084 3520 tite
1105 3466 1195 3519 Athos
1212 3466 1273 3519 und
1296 3467 1421 3521 Convent
1442 3469 1478 3537 of

276 3550 416 3610 ler'cester.
427 3551 453 3602 is
463 3550 607 3603 imtiueted
615 3552 695 3604 vicar
703 3551 738 3620 of
745 3551 1002 3605 Barrowen-Sour.
1041 3550 1098 3602 Tite
1108 3551 1240 3618 vicarage
1251 3551 1276 3602 u
1286 3550 1441 3620 desm‘hed]

301 3685 465 3749 BAREWE
503 3686 900 3751 vlcuulu.-Willelmus
933 3686 977 3751 de
1009 3686 1239 3768 Hungertone,
1268 3686 1470 3769 capellanus,

214 3799 424 3872 presentatus
450 3812 508 3873 per
534 3790 706 3855 Abbatem
730 3802 764 3855 et
794 3800 996 3855 conventum
1030 3790 1208 3853 Leicestrie
1237 3789 1280 3852 ad
1312 3790 1468 3855 vicariam

212 3892 351 3957 ecclesie
366 3893 409 3957 de
426 3893 570 3970 Barewe,
586 3894 674 3957 facta
690 3896 780 3978 prius
799 3894 1013 3976 inquisitione
1032 3914 1091 3976 per
1106 3894 1167 3969 W,
1183 3891 1468 3958 Archidiaconum

214 3996 402 4073 Leicestrie,
418 3996 550 4061 Comite
570 3998 672 4061 etiam
694 3998 822 4062 Cestrie
842 3997 1060 4081 appellationi
1080 3996 1167 4060 facte
1189 4016 1247 4078 per
1269 3997 1467 4060 servientem

211 4120 309 4163 suum
325 4100 531 4182 superdicta
546 4102 668 4165 vicaria
684 4101 879 4165 litteratorie
900 4102 1120 4176 renuntiante,
1136 4120 1195 4183 per
1212 4119 1278 4182 que
1297 4101 1468 4183 negotium

211 4203 273 4268 suit
297 4204 329 4266 in
355 4204 525 4286 expeditu
541 4205 584 4268 ad
607 4204 749 4269 eandem
774 4205 940 4268 admissus
963 4215 1022 4281 est,
1037 4214 1072 4267 et
1095 4204 1127 4266 in
1152 4224 1191 4267 ea
1215 4223 1290 4266 cum
1314 4224 1414 4267 onere
1433 4215 1466 4269 et

211 4326 299 4388 pena
315 4306 512 4371 vicariorum
533 4309 711 4372 institutus.
759 4310 805 4373 Et
825 4308 1023 4372 mandatum
1044 4318 1095 4371 est
1113 4307 1204 4371 dicto
1222 4307 1469 4371 Archidiacono

210 4421 247 4473 ut
273 4412 383 4492 ipsum
406 4412 438 4473 in
459 4413 665 4494 corporalem
694 4413 783 4477 dicte
807 4413 928 4476 vicarie
955 4412 1198 4494 possessionem
1224 4411 1368 4474 inducat.
1415 4412 1468 4477 De

210 4516 332 4577 vicaria
362 4514 517 4579 ordinata
547 4538 605 4600 per
635 4516 850 4594 Willelmum,
880 4518 1084 4600 episcopum,
1115 4516 1147 4578 iu
1180 4516 1368 4593 matricula;
1403 4538 1468 4599 que

211 4618 364 4681 consistit
388 4620 419 4681 in
445 4620 625 4684 medietate
647 4622 797 4684 omnium
821 4621 1061 4685 obventionum
1088 4618 1131 4681 ad
1156 4620 1354 4701 altaragium
1378 4620 1468 4684 dicte

211 4721 349 4786 ecclesie
366 4724 612 4804 pertinentium,
627 4736 662 4789 et
678 4727 711 4789 in
728 4726 826 4789 tertia
845 4735 940 4807 parte
959 4724 1136 4805 garbarum
1158 4723 1260 4785 totius
1280 4722 1410 4787 decime
1425 4723 1468 4787 de

212 4824 368 4906 parochia
395 4824 439 4889 de
464 4827 601 4891 Barewa
630 4850 706 4892 cum
739 4829 911 4910 mesuagio
941 4828 974 4890 in
1000 4826 1119 4890 eadem
1151 4828 1236 4889 inter
1265 4823 1468 4889 dominicam

218 4928 342 4992 curiam
359 4931 594 4994 canonicorum
611 4942 645 4995 et
660 4933 868 5006 cimiterium,
878 4940 912 4993 et
929 4950 995 4993 uno
1012 4929 1182 5012 mesuagio
1199 4929 1230 4990 in
1249 4926 1473 5010 Querendone

215 5032 257 5095 ad
274 5033 437 5114 capellam
454 5034 577 5098 ibidem
595 5036 790 5118 pertinente.

277 5138 348 5195 Vos„
363 5140 397 5195 11.
1387 5154 1408 5195 X
