3609 5642
338 608 405 678 ²32
685 582 820 655 Rotula'
835 580 1012 680 Hugonis
1037 582 1082 655 de
1108 580 1240 654 Welles

337 737 368 742 .-
380 737 388 742 .
398 736 540 741 ‘.-.--—
549 736 632 741 -u—
644 733 1344 741 --———-—--——----———--———-—.---.-
1364 730 1588 739 .-—-·—-—---

335 818 573 952 [Thefflitutiop
580 818 615 887 os
622 816 762 871 Robertde
770 816 909 886 Herrford
918 822 945 869 to
953 816 999 869 tiu
1007 816 1180 885 vicarageos
1186 816 1370 879 Celtarum&
1379 814 1458 884 Aug.
1467 817 1507 875 1⁶,
1516 831 1597 880 1229,-

472 924 478 935 .
490 902 546 948 144.

425 996 655 1061 Coresuoue
685 994 1063 1059 menum-Omnibus
1096 1004 1157 1057 etc.
1219 992 1359 1057 Noverit
1396 993 1594 1056 universitas

338 1112 448 1165 vestra
471 1121 532 1163 nos
555 1098 598 1162 ad
622 1100 907 1181 presentationem
931 1098 1044 1163 dilecti
1068 1098 1126 1161 filii
1151 1098 1315 1180 Johannis
1345 1098 1388 1161 de
1417 1096 1595 1161 Neketone

339 1206 474 1269 rectoris
503 1203 642 1268 ecclesie
680 1201 722 1266 de
753 1202 947 1278 Cotesmor',
978 1204 1222 1266 interveniente
1257 1221 1393 1265 assensu
1433 1200 1595 1265 Willelmi

341 1307 505 1383 Mauduit‚
521 1308 648 1370 domini
660 1307 764 1389 Regis
779 1307 962 1383 camerarii,
972 1304 1124 1387 ejusdem
1134 1306 1272 1370 ecclesie
1282 1306 1423 1387 patroni,
1435 1303 1595 1368 dilectum

340 1414 372 1476 in
390 1412 523 1476 Christo
539 1410 643 1474 filium
662 1410 847 1475 Robertum
864 1410 908 1475 de
926 1410 1096 1487 Hertsord,
1106 1410 1326 1493 capellanum,
1342 1408 1385 1472 ad
1399 1420 1596 1492 perpetuam

340 1517 443 1599 ipsius
479 1516 618 1579 ecclesie
655 1515 811 1579 vicariam
849 1514 1033 1592 admisisse,
1072 1516 1248 1598 ipsumque
1287 1513 1320 1576 in
1358 1534 1398 1577 ea
1437 1512 1597 1576 canonice

340 1620 497 1710 vicarium
514 1628 712 1702 perpetuum
730 1620 912 1682 instituisse
932 1638 1007 1683 cum
1029 1639 1128 1682 onere
1150 1614 1358 1680 ministrandi
1380 1616 1597 1699 personaliter

340 1726 373 1787 in
389 1724 515 1788 eadem.
562 1722 723 1788 Consistit
749 1733 861 1787 autem
894 1724 966 1807 ipsa
996 1722 1118 1786 vicaria
1149 1722 1181 1785 in
1213 1731 1286 1785 toto
1315 1720 1478 1804 altaragio
1508 1720 1597 1783 dicte

339 1828 477 1892 ecclesie
499 1839 533 1891 et
556 1828 589 1890 in
613 1827 751 1891 decimis
777 1828 956 1912 garbarum
980 1827 1022 1891 de
1046 1836 1118 1890 toto
1141 1824 1310 1888 dominico
1338 1844 1478 1907 persone
1502 1835 1537 1886 et
1565 1823 1595 1885 in

246 1959 250 1966 ·
341 1932 477 1996 minutis
497 1930 635 1994 decimis
654 1928 697 1994 de
717 1932 929 2001 nutrimentis
949 1930 1144 1993 animalium
1167 1927 1319 2011 ejusdem
1343 1938 1378 1992 et
1401 1929 1434 1990 in
1459 1926 1597 1990 decimis

340 2037 406 2101 leni
422 2036 465 2099 de
481 2035 649 2099 Wentone
663 2046 698 2098 et
714 2036 748 2097 in
764 2055 831 2097 una
846 2035 976 2117 virgata
992 2044 1077 2097 terre
1093 2034 1215 2097 vicario
1237 2032 1406 2115 assignata
1427 2032 1460 2093 in
1482 2030 1597 2095 Cotes-

342 2162 433 2205 more
459 2139 502 2203 de
527 2150 613 2202 terra
640 2140 828 2221 pertinente
852 2139 894 2201 ad
922 2140 1106 2215 ecclesiam,
1126 2158 1192 2220 que
1216 2138 1306 2220 jacet
1330 2157 1389 2220 per
1419 2136 1598 2219 particulas

341 2246 427 2309 inter
449 2256 553 2307 terras
578 2244 715 2306 Henrici
740 2242 797 2305 lilii
821 2263 962 2325 persone
984 2252 1018 2307 et
1041 2242 1201 2306 Willelmi
1225 2241 1384 2306 Coleville
1407 2250 1442 2304 et
1466 2239 1598 2302 Thome

343 2352 431 2413 Pere.
479 2347 629 2411 Habebit
643 2348 745 2410 etiam
760 2347 902 2410 vicarius
918 2368 979 2430 pro
995 2366 1113 2410 manso
1128 2347 1309 2428 virgultum
1323 2342 1494 2427 quoddam
1507 2342 1597 2426 quod

340 2464 392 2516 est
406 2452 505 2534 juxta
520 2451 718 2513 cimiterium
735 2471 778 2514 ex
796 2460 891 2534 parte
907 2450 1058 2514 orientali
1079 2459 1113 2513 et
1133 2448 1233 2530 juxta
1253 2448 1378 2511 curiam
1399 2467 1551 2529 persone,
1565 2458 1599 2510 et

341 2556 512 2639 quoddam
544 2554 720 2636 pratellum
749 2552 865 2635 jacens
897 2554 1041 2630 inferius
1071 2564 1106 2617 et
1144 2552 1310 2617 redditum
1351 2552 1468 2623 mansi.
1497 2571 1597 2633 quem

344 2660 507 2725 Radulsus
523 2658 565 2722 ad
581 2658 756 2721 ecclesiam
780 2668 881 2734 tenet,
900 2668 935 2721 et
955 2658 1061 2721 solvet
1077 2658 1218 2721 vicarius
1234 2654 1406 2720 sinodalia
1454 2656 1599 2718 Persona

342 2786 420 2829 vero
439 2762 621 2844 hospitium
636 2760 872 2825 Archidiaconi
893 2746 1105 2844 procurabit5
1130 2761 1230 2823 salvis
1251 2770 1312 2823 etc.
1359 2758 1459 2841 Quod
1477 2768 1514 2821 ut
1530 2769 1599 2828 etc.

342 2868 492 2943 testibus,
510 2866 680 2949 Magistris
699 2864 750 2928 W.
767 2863 809 2928 de
831 2864 1062 2947 Beningword’
1078 2875 1112 2929 et
1128 2864 1312 2927 Amaurico
1331 2863 1375 2927 de
1395 2863 1599 2946 Buggedene

341 2985 376 3037 et
405 2972 486 3047 aliis
513 2980 550 3033 ut
576 2990 676 3051 supra
704 2969 737 3032 in
767 2979 859 3033 carta
884 2970 1049 3052 proxima,
1076 2978 1222 3051 excepto
1246 2968 1393 3044 warine,
1417 2966 1599 3049 capellano.

343 3079 434 3140 Data
459 3097 518 3159 per
542 3095 678 3147 manum
707 3074 746 3136 R.
774 3072 816 3137 de
843 3074 1034 3151 Waraville,
1057 3074 1208 3137 canonici
1234 3071 1487 3149 Lincolniensis,
1510 3069 1599 3153 apud

341 3180 574 3263 Cotingeham,
611 3177 890 3260 septimodecimo
929 3178 1089 3243 kalendas
1133 3176 1342 3261 Septembris
1384 3175 1599 3259 pontificatus

342 3284 446 3347 nostri
462 3303 551 3346 anno
568 3304 626 3345 xx.

342 3479 385 3545 [T
381 3479 416 3532 ke
426 3478 582 3531 institution
593 3478 629 3545 os
639 3476 766 3529 Wllr'am
777 3477 867 3529 Katin
878 3480 906 3529 to
916 3477 962 3530 the
973 3477 1105 3544 vr'oarage
1114 3477 1150 3545 os
1156 3475 1303 3543 Brackley;
1321 3476 1397 3543 Aug.
1403 3492 1447 3541 31,
1460 3492 1525 3541 1229
1530 3491 1545 3537 ,·
1559 3490 1601 3527 scr

401 3562 432 3627 rt·
445 3559 512 3627 141]

432 3671 636 3734 Bascama
681 3668 1058 3733 vicima-Omnibus
1095 3678 1155 3732 erc.
1226 3667 1366 3731 Noverit
1403 3666 1601 3731 universitas

344 3785 453 3839 vestra
490 3795 551 3837 nos
588 3772 632 3836 ad
664 3774 947 3857 presentationem
978 3774 1176 3837 dilectorum
1208 3771 1361 3848 liliorum,
1391 3771 1537 3835 Abbatis
1567 3782 1601 3834 et

343 3889 527 3942 conventus
554 3878 743 3953 leicestrie,
768 3888 985 3960 patronorum
1015 3877 1154 3941 ecclesie
1177 3877 1221 3940 de
1247 3874 1416 3952 Brackele,
1441 3875 1600 3939 dilectum

344 3983 377 4045 in
399 3980 533 4046 Christo
553 3981 656 4044 filium
678 3980 884 4045 Willelmum
908 3981 1023 4057 Katin,
1039 3980 1260 4064 capellanum,
1276 3978 1317 4042 ad
1340 3979 1443 4062 ipsius
1463 3979 1602 4043 ecclesie

314 4169 318 4181 .
345 4086 500 4149 vicariam
523 4085 699 4148 admisisse
722 4086 898 4168 ipsumque
922 4095 993 4162 etc,
1009 4106 1084 4149 cum
1109 4105 1209 4148 onere
1232 4083 1442 4147 ministrandi
1467 4104 1603 4167 person-

345 4189 441 4252 aliter
470 4190 502 4251 in
533 4188 660 4252 eadem.
722 4189 884 4254 Consistit
914 4199 1027 4252 autem
1060 4190 1133 4272 ipsa
1162 4189 1284 4251 vicaria
1315 4188 1348 4250 in
1379 4188 1477 4251 tertia
1508 4200 1603 4271 parte

346 4293 475 4357 decime
496 4292 674 4376 garbarum
699 4293 741 4357 de
763 4292 924 4357 Brackele
944 4303 979 4357 et
1001 4293 1044 4356 de
1070 4292 1177 4356 Halso
1196 4302 1230 4356 et
1250 4292 1282 4355 in
1303 4290 1484 4356 medietate
1503 4290 1603 4355 altar·

346 4398 496 4481 agiorum
512 4417 588 4459 cum
606 4417 725 4461 manso
741 4398 863 4463 vicario
882 4398 1062 4481 assignato.
1110 4398 1272 4461 Consistit
1290 4396 1391 4461 etiam
1415 4396 1448 4458 in
1472 4394 1603 4459 duabus

347 4500 496 4585 partibus
526 4499 656 4564 decime
685 4503 873 4586 garbarum
894 4502 937 4565 de
967 4512 1044 4565 octo
1071 4502 1208 4585 virgatis
1234 4512 1321 4564 terre
1345 4502 1379 4563 in
1409 4520 1531 4583 campo
1561 4500 1603 4565 de

348 4605 475 4668 Evenle
490 4614 524 4668 et
540 4605 574 4668 in
593 4602 732 4668 decimis
752 4604 893 4669 duarum
915 4606 1118 4689 virgatarum
1140 4604 1173 4667 in
1195 4604 1302 4667 Parva
1318 4586 1510 4667 Whiieteld’
1526 4623 1602 4667 cum

346 4708 437 4771 curia
452 4707 514 4771 Th.
526 4706 569 4770 de
587 4707 780 4772 Ermenters
795 4721 830 4773 et
845 4709 878 4772 in
895 4708 1028 4771 decima
1040 4708 1106 4772 seni
1118 4718 1153 4771 et
1169 4705 1403 4791 molend[ini];
1426 4706 1527 4771 salvis
1541 4718 1602 4771 etc.

346 4811 513 4889 Testibus,
528 4821 565 4875 ut
580 4831 681 4894 supra
696 4813 730 4875 in
746 4822 837 4876 carta
857 4811 899 4875 de
916 4811 1082 4877 Stutebir’.
1130 4811 1220 4875 Data
1236 4832 1296 4893 per
1312 4830 1448 4875 manum
1467 4810 1602 4875 Radulli

346 4915 390 4979 de
426 4915 616 4993 Waraville,
654 4918 804 4981 canonici
853 4915 1106 4993 Lincolniensis,
1144 4915 1233 4999 apud
1283 4912 1418 4977 Kildeb'
1456 4915 1604 4978 secundo

348 5018 507 5082 kalendas
524 5018 732 5101 Septembris
747 5030 808 5085 etc.
