3609 5642
600 571 779 677 Episcopi
792 566 1075 646 Le'ncolnz'bnse's.
1413 596 1481 667 297

219 816 288 884 etc,
298 807 467 873 admissus
478 821 538 887 est,
548 820 582 874 et
598 812 632 874 in
643 831 684 874 ea
695 832 772 876 cum
788 832 889 875 onere
898 822 933 877 et
950 833 1036 896 pena
1046 812 1244 876 vicariorum
1255 814 1396 877 vicarius
1408 836 1482 897 per-

220 921 340 993 petuus
365 912 538 977 institutus
562 915 595 978 in
623 915 752 991 eadem,
767 935 832 997 que
856 915 993 998 quidem
1021 914 1176 979 ordinata
1202 925 1255 980 est
1281 918 1481 981 auctoritate

220 1012 359 1078 Concilii
385 1036 444 1099 per
470 1016 646 1081 dominum
674 1029 710 1083 ut
739 1039 841 1101 supra
866 1018 960 1100 xiiij0.
1008 1020 1054 1083 Et
1085 1020 1282 1085 mandatum
1311 1030 1363 1085 est
1389 1020 1481 1085 dicto

220 1118 469 1185 Archidiacono
486 1131 532 1194 ut,
546 1132 608 1187 etc.

218 1377 367 1447 [Anthony
376 1378 411 1431 de
426 1378 575 1435 Wintom'a.
587 1379 726 1448 ehaplain,
737 1380 888 1447 presented
900 1382 990 1449 hythe
1001 1382 1088 1435 Prior
1097 1383 1183 1450 ofthe
1194 1380 1390 1449 Hospitallers,
1403 1382 1429 1435 is
1439 1384 1484 1435 in-

281 1462 397 1513 stincted
404 1462 485 1515 νέων
490 1463 683 1531 osSwr'nferd.
716 1463 772 1516 The
782 1464 914 1533 vicarage
925 1465 950 1517 is
960 1464 1118 1529 ‹iesm'bedn

305 1595 788 1665 sumamma-Antonius
817 1597 860 1662 de
889 1598 1070 1675 wintonia,
1093 1599 1320 1682 cappellanus,
1343 1622 1477 1684 presen-

219 1708 310 1762 tatus
334 1720 392 1781 per
416 1700 566 1764 Fratrem
591 1701 630 1764 R.
647 1701 691 1767 de
713 1701 809 1777 Diva,
826 1703 973 1766 Priorem
998 1702 1135 1766 fratrum
1160 1702 1335 1787 hospitalis
1350 1704 1481 1786 Jeroso-

219 1801 370 1867 lomitani
387 1804 420 1867 in
438 1803 564 1887 Anglia
584 1803 627 1867 ad
649 1816 845 1888 perpetuam
863 1808 1019 1871 vicariam
1039 1806 1177 1871 ecclesie
1193 1806 1236 1871 de
1254 1808 1481 1891 Swyneforde,

218 1907 417 1971 auctoritate
448 1908 588 1972 Concilii
626 1930 686 1992 per
719 1909 894 1974 dominum
935 1911 1140 1995 Episcopum
1172 1911 1215 1976 de
1248 1933 1385 1977 assensu
1417 1913 1479 1990 W,

99 1998 107 2016 ⁸
219 2010 348 2073 Decani
378 2023 413 2075 et
443 2011 579 2095 capituli
608 2012 790 2091 Lincolnie,
807 2013 1094 2077 consentientibus
1117 2016 1219 2078 etiam
1244 2016 1335 2081 dicto
1360 2018 1481 2093 Priore,

218 2136 276 2197 per
292 2126 551 2197 procuratorem,
566 2124 600 2179 et
616 2115 771 2180 fratribus
783 2117 851 2180 suis
868 2117 1052 2201 hospitalis,
1067 2118 1267 2196 ordinatam,
1277 2120 1319 2184 ad
1336 2120 1479 2184 eandem

218 2219 375 2281 vicariam
398 2217 565 2282 admissus
587 2229 648 2296 est,
670 2230 704 2283 et
728 2222 761 2283 in
784 2242 824 2284 ea
847 2221 988 2285 vicarius
1013 2233 1193 2305 perpetuus
1217 2245 1294 2287 cum
1321 2244 1421 2288 onere
1445 2235 1480 2289 et

219 2343 306 2403 pena
343 2322 540 2386 vicariorum
579 2324 759 2387 institutus.
807 2325 881 2388 Hec
920 2336 1033 2389 autem
1071 2336 1123 2390 est
1153 2325 1321 2391 ordinatio
1349 2328 1479 2392 vicarie.

219 2426 373 2490 Vicarius
388 2426 431 2490 de
449 2426 667 2510 Swyneforde
682 2429 745 2491 erit
759 2427 802 2491 ad
824 2449 974 2492 mensam
996 2430 1287 2513 hospitalariorum
1310 2432 1344 2495 in
1359 2434 1480 2496 eadem

217 2532 296 2595 villa
322 2530 512 2608 honorifice,
536 2534 621 2595 sicut
647 2531 702 2596 ille
728 2534 785 2615 qui
810 2533 966 2597 fratribus
998 2533 1221 2618 hospitalariis
1253 2536 1376 2601 ibidem
1405 2539 1480 2601 Pre-

218 2647 335 2719 ceptor
349 2634 546 2718 preficietur,
561 2646 596 2700 et
611 2636 749 2701 habebit
764 2657 893 2700 annuas
909 2636 993 2701 duas
1013 2660 1142 2703 marcas
1164 2662 1224 2723 pro
1245 2641 1431 2724 stipendiis,
1445 2654 1479 2706 et

219 2738 403 2803 secundum
429 2739 577 2821 legatum
601 2760 707 2821 usque
730 2740 773 2804 ad
797 2741 978 2805 valentiam
1001 2764 1063 2806 sex
1086 2743 1309 2822 denariorum,
1332 2755 1366 2810 et
1388 2746 1479 2828 quod

219 2844 306 2907 ultra
326 2844 423 2907 fuerit
442 2864 519 2906 cum
544 2843 699 2907 fratribus
723 2844 947 2927 hospitalariis
967 2846 1154 2911 dividiabit.
1203 2849 1353 2912 Habebit
1377 2850 1479 2913 etiam

218 2948 406 3012 oblationes
436 2968 514 3010 suas
544 2948 577 3011 in
606 2958 749 3030 quatuor
776 2948 868 3012 festis
893 2952 971 3014 anni
1000 2952 1248 3035 principalibus,
1273 2953 1408 3030 scilicet,
1435 2952 1477 3017 ad

220 3052 351 3129 Natale,
381 3061 448 3115 tres
478 3052 642 3129 denarios,
674 3052 728 3115 die
760 3054 887 3117 Pasche
917 3054 986 3118 duo
1016 3054 1180 3134 denarios,
1210 3066 1244 3120 et
1274 3057 1307 3119 in
1338 3066 1478 3139 utroque

218 3158 358 3221 aliorum
380 3156 539 3221 festorum
561 3177 665 3219 unum
686 3156 869 3235 denarium,
888 3168 923 3222 et
941 3160 1141 3242 generaliter
1163 3162 1277 3224 omnia
1301 3161 1415 3225 oblata
1434 3162 1477 3226 ad

217 3262 469 3339 confessionem,
484 3261 547 3324 illis
563 3262 716 3344 exceptis
732 3282 797 3344 que
812 3261 997 3326 offeruntur
1012 3264 1046 3326 in
1066 3265 1311 3328 subtractarum
1332 3265 1477 3330 decima-

218 3386 290 3428 rum
307 3365 662 3446 recompensationem.
709 3366 755 3428 Et
770 3366 797 3427 si
813 3366 942 3429 oblatio
957 3366 1000 3430 ad
1015 3387 1151 3431 manum
1165 3369 1268 3451 ipsius
1279 3369 1478 3433 celebrantis

217 3470 404 3553 pervenerit
419 3468 462 3532 ad
482 3488 585 3531 unum
602 3469 776 3533 denarium
793 3470 844 3533 vel
868 3470 962 3546 infra,
978 3492 1039 3534 sua
1059 3472 1122 3548 sit;
1145 3471 1235 3554 quod
1256 3484 1368 3536 autem
1391 3474 1477 3538 ultra

217 3571 389 3637 denarium
428 3573 615 3654 pervenerit
655 3574 687 3635 in
726 3587 854 3655 partem
893 3574 991 3638 cedat
1029 3575 1328 3657 hospitalariorum.
1392 3576 1477 3642 ltem

217 3675 354 3741 habebit
379 3696 533 3739 mansum
559 3677 625 3753 ubi,
648 3697 725 3739 cum
751 3698 886 3742 necesse
909 3678 1015 3756 fuerit,
1040 3680 1232 3763 parochiani
1255 3682 1305 3743 sui
1329 3682 1372 3744 ad
1399 3702 1475 3745 eum

216 3779 375 3844 accedere
406 3781 537 3863 possint
562 3791 816 3863 competenter3
849 3791 884 3844 et
915 3781 1052 3846 habebit
1078 3782 1278 3866 palefridum
1309 3804 1405 3848 suum
1433 3785 1476 3849 ad

217 3883 340 3961 fenum,
361 3882 562 3965 forraginem
583 3894 618 3946 et
636 3903 788 3961 avenam,
807 3885 892 3947 sicut
911 3886 1089 3969 Preceptor
1104 3886 1241 3951 fratrum
1258 3886 1476 3970 supradictus.

217 3989 364 4053 Clericus
380 3996 492 4051 autem
510 3987 614 4069 ipsius
629 3987 766 4051 habebit
784 3989 827 4051 ibi
843 3989 1088 4053 exhibitionem
1108 4011 1202 4055 suam
1219 3991 1330 4074 quoad
1351 3993 1475 4056 victum

217 4089 398 4155 honorifice
413 4100 575 4172 tanquam
592 4111 677 4153 unus
696 4090 739 4154 de
755 4092 911 4156 fratribus
932 4092 1156 4175 hospitalariis
1176 4094 1326 4175 ejusdem
1346 4095 1476 4173 domus,

215 4208 250 4260 et
265 4218 289 4259 x
306 4194 432 4259 solidos
452 4214 582 4258 annuos
603 4216 663 4278 pro
682 4196 865 4278 stipendiis.
912 4197 1034 4261 Garcio
1054 4218 1140 4275 ver0,
1156 4198 1212 4280 qui
1234 4199 1356 4262 lectum
1377 4220 1474 4263 suum

215 4300 314 4363 faciet
334 4308 369 4362 et
388 4297 586 4382 palefridum
608 4320 705 4362 suum
725 4299 900 4376 custodiet,
916 4310 1076 4384 tanquam
1096 4322 1182 4365 unus
1202 4300 1245 4365 de
1263 4302 1474 4385 garcionibus

214 4403 354 4467 fratrum
385 4401 509 4465 ibidem
544 4402 766 4466 exhibebitur.
830 4403 1048 4486 Hospitalarii
1081 4414 1193 4468 autem
1226 4406 1340 4469 omnia
1373 4427 1474 4471 onera

215 4505 302 4569 illius
324 4505 464 4570 ecclesie
486 4505 601 4570 debita
623 4517 658 4569 et
680 4518 841 4572 consueta
863 4508 1084 4573 sustinebunt.
1132 4510 1177 4573 Et
1201 4508 1397 4574 mandatum
1422 4519 1473 4574 est

216 4608 264 4685 R,
289 4607 537 4672 Archidiacono
561 4611 750 4687 leicestrie,
769 4621 806 4674 ut
829 4610 957 4675 dictum
985 4612 1172 4676 Antonium
1199 4614 1231 4675 in
1256 4612 1473 4696 corporalem,

214 4722 285 4788 ete,
302 4713 493 4795 provisurus
508 4713 598 4795 quod
616 4735 752 4778 mansus
772 4726 968 4799 competens
988 4716 1096 4780 eidem
1118 4716 1313 4799 assignetur,
1328 4728 1362 4780 et
1380 4717 1471 4799 quod

213 4826 322 4880 totum
350 4814 518 4880 residuum
547 4817 633 4880 illius
659 4819 797 4882 ecclesie
824 4829 934 4901 preter
960 4818 1119 4902 predicta,
1139 4820 1229 4903 quod
1253 4820 1332 4903 ipsis
1358 4822 1470 4904 hospi·

215 4919 348 4995 talariis,
363 4918 406 4983 de
421 4939 584 4983 consensu
598 4920 651 4983 W.
667 4922 795 4985 Decani
810 4934 845 4986 et
860 4924 996 5006 capituli
1011 4922 1183 4987 Lincolnie
1199 4944 1393 4987 concessum
1410 4936 1470 5002 est,

215 5022 342 5087 eisdem
358 5024 527 5106 percipere
543 5025 715 5107 permittat
730 5035 765 5089 et
781 5027 813 5088 in
831 5027 982 5109 proprios
999 5047 1077 5089 usus
1094 5026 1271 5109 possidere.
