3609 5642
595 553 773 654 Episcopi
794 552 1077 630 Lz'ncolniensis.
1396 563 1463 649 135

203 796 372 860 admissus
387 805 447 874 est,
462 805 496 860 et
516 797 549 859 in
565 796 683 861 eadem
700 797 762 860 sub
778 816 865 879 pena
880 795 1021 860 Concilii
1040 814 1182 878 persona
1197 794 1356 858 canonice
1372 794 1464 858 insti-

204 911 303 965 tutus.
352 901 399 963 Et
430 901 626 964 mandatum
656 912 708 965 est
744 901 836 964 dicto
868 898 1116 963 Archidiacono
1146 910 1192 974 ut,
1221 906 1282 962 etc.
1329 897 1385 981 [ln
1412 897 1465 962 the

204 1007 336 1090 margin
351 1007 420 1090 :-]
467 1008 544 1070 Non
561 1006 723 1070 habemus
739 1006 866 1070 litteras
882 1005 1149 1088 presentationis.

203 1309 309 1379 [Hugh
329 1311 364 1364 de
380 1311 464 1364 Novo
482 1311 584 1374 Castra,
601 1311 768 1373 sub-dcacon,
787 1311 812 1362 is
829 1310 977 1362 insntuted
995 1313 1023 1361 to
1042 1309 1088 1360 tlte
1104 1307 1206 1362 churcti
1224 1309 1260 1375 os
1277 1308 1462 1369 Normantou,

269 1391 403 1452 nutant,
414 1408 450 1445 on
461 1393 702 1460 theoresentation
713 1391 749 1460 os
755 1391 856 1445 Robert
864 1391 898 1444 de
908 1390 1045 1457 Albinn'.]

294 1503 730 1586 NORMANTONE.-Hugo
763 1501 806 1566 de
838 1503 938 1566 Novo
968 1502 1096 1577 Castro,
1126 1501 1359 1577 subdiaconus,
1390 1521 1463 1584 pre-

204 1617 356 1672 sentatus
381 1627 440 1690 per
463 1607 647 1671 Robertum
671 1607 714 1671 de
736 1606 874 1670 Albinn’
893 1606 936 1669 ad
959 1606 1134 1669 ecclesiam
1157 1605 1200 1668 de
1224 1605 1464 1682 Normantone,

204 1710 295 1774 sacta
319 1711 410 1793 prius
438 1711 651 1792 inquisitione
673 1730 733 1792 per
756 1710 805 1786 R,
821 1708 1105 1773 Archidiaconum
1131 1708 1383 1785 Norhamtonie,
1406 1729 1464 1790 per

204 1835 317 1898 quam,
333 1823 404 1891 etc,
420 1815 461 1878 ad
478 1813 620 1878 eandem
637 1813 804 1877 admissus
825 1824 895 1890 est,
910 1823 971 1877 etc.
1018 1813 1064 1876 Et
1087 1812 1283 1876 mandatum
1299 1821 1352 1876 est
1373 1811 1464 1876 dicto

206 1917 455 1983 Archidiacono
471 1927 516 1996 ut,
531 1927 592 1982 etc.

202 2157 347 2224 [Wlliam
358 2157 391 2210 de
403 2155 615 2218 Norhamtonie,
629 2156 766 2224 cleptein,
777 2156 803 2208 is
813 2155 959 2209 instituted
972 2159 1000 2208 to
1016 2154 1061 2207 tlte
1071 2156 1203 2224 vt’caragc
1213 2156 1249 2224 os
1259 2155 1463 2224 Rottersttorp,

272 2256 308 2294 on
320 2241 366 2294 tiu
373 2240 562 2306 presentation
572 2239 609 2307 os
614 2238 660 2292 tlte
669 2238 760 2291 Attor
767 2239 828 2292 and
839 2239 966 2292 Convent
975 2240 1010 2307 os
1017 2241 1058 2294 St.
1064 2240 1169 2305 Jomes,
1182 2237 1409 2307 Northampton]

295 2348 673 2412 THROP.-Willelmus
696 2348 739 2411 de
765 2347 1019 2427 Norhamtonia,
1046 2347 1270 2432 cappellanus,
1294 2349 1464 2431 quondam

204 2453 348 2516 vicarius
363 2451 406 2516 de
424 2451 586 2528 Dustone,
602 2461 814 2534 presentatus
830 2474 889 2535 per
905 2453 1077 2516 Abbatem
1087 2463 1121 2517 et
1137 2463 1338 2524 conventum
1350 2453 1466 2519 Sancti

203 2557 324 2640 Jacobi
350 2555 619 2640 Norhamptonic
643 2557 685 2620 ad
709 2557 884 2621 ecclesiam
908 2555 951 2621 de
967 2557 1092 2640 Throp,
1107 2557 1195 2621 sacta
1218 2559 1308 2641 prius
1331 2558 1466 2641 inquisi-

204 2661 300 2724 tione
316 2680 376 2743 per
391 2659 676 2723 Archidiaconum
694 2659 725 2722 N
728 2660 963 2742 orhamptonie
979 2680 1037 2743 per
1052 2680 1163 2742 quam,
1178 2671 1249 2739 etc,
1264 2661 1308 2724 ad
1322 2660 1464 2725 eandem

204 2764 374 2829 admissus
389 2773 449 2842 est,
471 2774 505 2827 et
522 2765 554 2826 in
578 2763 696 2827 eadem
713 2784 789 2827 cum
813 2783 900 2846 pena
915 2773 949 2828 et
972 2785 1072 2829 onere
1094 2765 1290 2829 vicariorum
1306 2775 1358 2830 est
1374 2765 1466 2830 insti-

204 2877 320 2948 tutus;
342 2867 436 2932 salva
451 2867 608 2951 predictis
624 2868 793 2931 canonicis
817 2868 970 2950 portione
985 2889 1046 2933 sua
1061 2889 1163 2951 quam
1186 2868 1230 2933 de
1251 2871 1466 2936 concessione

202 2982 241 3036 et
263 2970 518 3036 confirmatione
539 2970 667 3035 domini
692 2971 803 3055 [above
827 2970 894 3034 this
915 2971 981 3034 last
1004 2969 1099 3035 word
1122 2972 1152 3036 is
1175 2971 1308 3037 wn'tten
1338 2975 1467 3058 nostra]

204 3077 369 3161 Episcopi
384 3085 418 3140 et
441 3075 577 3158 capituli
597 3075 770 3139 Lincolnie
793 3075 919 3139 habent
942 3076 975 3139 in
991 3075 1109 3139 eadem
1134 3077 1315 3158 parrochia,
1331 3080 1467 3143 nomine

203 3182 359 3266 perpetui
376 3179 536 3244 beneficii.
584 3179 630 3242 Et
646 3179 843 3243 mandatum
859 3189 912 3243 est
927 3178 1019 3242 dicto
1035 3179 1284 3244 Archidiacono
1299 3192 1345 3260 ut,
1360 3193 1421 3247 etc

202 3485 345 3557 [Wamer.
358 3484 496 3552 chaptatit,
509 3485 534 3537 is
545 3485 691 3538 instituted
699 3489 727 3537 to
737 3485 783 3538 the
793 3486 925 3553 oicarage
942 3485 979 3552 os
989 3485 1106 3544 Doston.
1124 3501 1160 3538 on
1171 3485 1217 3538 the
1229 3489 1420 3554 presentanbn
1435 3489 1473 3557 os

271 3567 318 3620 tte
338 3567 428 3620 notor
447 3566 508 3618 and
530 3566 656 3620 Convent
675 3567 711 3634 of
733 3566 772 3620 St
796 3565 901 3633 James.
930 3566 1146 3634 Northampton.
1194 3566 1250 3620 The
1279 3569 1464 3637 wocragets

270 3648 428 3718 desudet]

296 3759 481 3823 DUSTONE
504 3759 913 3834 VchRIA.-Warnerius,
928 3758 1153 3841 cappellanus,
1175 3769 1384 3842 presentatus
1408 3782 1467 3843 per

203 3863 315 3928 dictos
339 3861 511 3926 Abbatem
527 3871 562 3925 et
585 3870 786 3925 conventum
810 3860 853 3925 ad
878 3872 1074 3944 perpetuam
1090 3862 1247 3926 vicariam
1269 3864 1408 3927 ecclesie
1422 3864 1466 3928 de

205 3967 371 4042 Dustone,
401 3974 577 4030 vacantem
617 3985 676 4047 per
705 3964 964 4048 resignationem
1001 3963 1161 4029 Willelmi
1197 3965 1388 4048 supradicti,
1421 3967 1465 4030 ad

203 4070 349 4135 eandem
366 4067 532 4132 admissus
548 4089 623 4132 cum
647 4088 748 4131 onere
763 4077 797 4131 et
821 4088 908 4150 pena
922 4068 1129 4146 vicariorum,
1151 4077 1213 4132 etc.
1259 4069 1337 4134 Fuit
1352 4079 1464 4134 autem

204 4175 267 4238 hec
284 4172 406 4237 vicaria
428 4173 628 4236 auctoritate
650 4172 790 4237 Concilii
815 4193 873 4255 per
895 4170 1070 4235 dominum
1091 4173 1296 4256 Episcopum
1312 4174 1466 4238 ordinata

204 4279 276 4342 sic:
321 4277 475 4340 Vicarius
521 4276 665 4352 habebit,
703 4277 839 4339 nomine
876 4276 996 4340 vicarie
1040 4297 1099 4340 sue
1144 4286 1311 4359 perpetue,
1355 4285 1462 4340 totum

204 4379 405 4463 altaragium
431 4379 475 4442 de
497 4378 650 4443 Dustone
669 4400 745 4442 cum
765 4399 883 4442 manso
903 4379 1051 4456 ecclesie,
1073 4378 1244 4443 reddendo
1265 4380 1343 4443 inde
1366 4379 1464 4443 dictis

204 4483 376 4548 canonicis
399 4483 411 4565 j
441 4503 587 4545 marcam
618 4502 773 4545 annuam.
822 4482 972 4546 Habebit
1001 4481 1102 4546 etiam
1141 4491 1246 4546 totam
1277 4481 1463 4564 cappellam

206 4589 312 4652 Beate
344 4587 535 4669 Margarete
564 4606 640 4649 cum
666 4607 793 4664 mans0,
819 4585 992 4650 reddendo
1022 4585 1101 4649 inde
1131 4585 1153 4666 ij
1179 4605 1307 4649 marcas
1336 4585 1462 4650 eisdem

204 4693 380 4756 annuatim
393 4712 401 4768 ;
415 4701 450 4755 et
465 4689 602 4754 habebit
616 4691 848 4774 cappellanum
859 4691 987 4754 socium
998 4691 1030 4754 in
1047 4690 1138 4754 dicta
1146 4690 1297 4773 cappella
1307 4691 1464 4753 continue

206 4797 464 4870 ministrantem,
479 4803 513 4857 et
529 4794 636 4858 solvet
651 4794 823 4858 sinodalia.
869 4793 1029 4858 Canonici
1050 4814 1128 4856 vero
1148 4793 1327 4876 hospitium
1345 4792 1463 4857 Archi-

204 4899 339 4964 diaconi
350 4898 582 4982 procurabunt.
629 4899 675 4961 Et
685 4897 880 4962 mandatum
893 4907 945 4962 est
961 4897 1208 4961 Archidiacono
1222 4897 1464 4960 Norhamtonie

206 5012 252 5082 ut,
265 5012 329 5068 etc.
378 4999 635 5065 Memorandum
650 5001 694 5064 de
709 5001 850 5065 candela
864 5001 908 5065 de
924 5022 990 5084 qua
1006 5000 1105 5064 nichil
1122 5001 1156 5063 in
1171 4999 1389 5064 ordinatione
