3609 5642
356 562 421 628 192
700 534 836 607 Rutuli
851 532 1027 629 Hugonz‘s
1053 531 1096 604 de
1123 530 1255 603 Welles

350 773 423 839 [The
433 771 591 824 instr'tutrbn
603 771 639 838 eff
649 769 773 822 Wlliam
784 768 818 821 de
825 767 947 820 Rowelle
954 772 981 819 to
989 767 1034 819 tlte
1040 766 1214 834 vicarageff
1220 764 1379 827 Rotbwell;
1390 766 1467 833 Aug.
1475 782 1499 825 2,
1510 764 1592 833 rm]

442 890 862 966 ROWELLE.—Omnibus,
877 899 939 954 etc.
988 888 1126 952 Noverit
1145 888 1342 951 universitas
1363 896 1472 950 vestra
1488 906 1551 948 nos
1566 884 1606 947 ad

351 996 634 1080 presentationem
652 994 796 1057 Abbatis
815 1002 849 1056 et
869 1003 1054 1056 conventus
1069 991 1112 1055 de
1136 990 1382 1073 Cirenc[estria]
1399 989 1559 1054 dilectum
1575 989 1608 1052 in

351 1101 485 1165 Christo
508 1098 613 1162 filium
638 1097 844 1161 Willelmum
868 1097 911 1159 de
937 1096 1093 1171 Rowelle,
1109 1096 1329 1177 capellanum,
1345 1094 1388 1157 ad
1412 1104 1607 1175 perpetuam

350 1204 507 1267 vicariam
546 1202 685 1265 ecclesie
723 1200 765 1264 de
806 1200 953 1263 Rowelle
990 1199 1033 1263 de
1070 1219 1232 1263 consensu
1272 1219 1385 1261 eorum
1420 1195 1608 1261 ordinatam

350 1307 525 1371 admisisse
541 1307 719 1387 ipsumque
735 1305 769 1367 in
784 1324 825 1367 ea
839 1304 999 1367 canonice
1018 1304 1174 1366 vicarium
1198 1312 1396 1385 perpetuum
1417 1302 1609 1364 instituisse.

353 1410 515 1476 Consistit
531 1420 644 1473 autem
661 1408 752 1471 dicta
767 1408 890 1471 vicaria
913 1408 945 1469 in
963 1416 1036 1470 toto
1056 1406 1219 1489 altaragio
1241 1404 1393 1486 ejusdem
1417 1403 1557 1468 ecclesie
1577 1412 1610 1467 et

351 1514 491 1577 duarum
516 1513 717 1596 capellarum
750 1511 890 1575 adeam
923 1512 1169 1595 pertinentium,
1193 1510 1318 1573 scilicet
1340 1508 1469 1592 capelle
1496 1516 1611 1570 sancte

354 1618 460 1690 Marie
477 1618 510 1678 in
526 1616 645 1679 eadem
661 1616 739 1677 villa
754 1627 789 1678 et
804 1615 931 1697 capelle
946 1614 990 1678 de
1013 1614 1193 1690 Overtone,
1208 1623 1353 1696 excepta
1373 1623 1446 1676 tota
1464 1612 1610 1674 decima-

352 1710 444 1784 tione
469 1721 545 1784 lane
568 1730 602 1783 et
628 1720 820 1792 medietate,
836 1719 1069 1782 decimationis
1095 1738 1268 1800 agnorum,
1293 1738 1368 1781 cum
1394 1725 1445 1779 tot
1472 1716 1549 1797 agni
1576 1715 1608 1777 in

353 1844 492 1887 numero
511 1824 686 1886 extiterint
705 1821 795 1904 quod
816 1843 923 1905 agnus
943 1822 1094 1885 decimus
1114 1820 1191 1884 inde
1215 1821 1320 1903 possit
1345 1820 1526 1902 provenire.
1573 1818 1610 1883 Si

352 1949 431 1991 vero
462 1937 598 2010 propter
628 1929 831 2010 paucitatem
863 1947 1026 2009 agnorum
1065 1926 1230 1989 decimam
1269 1934 1408 2006 argento
1447 1923 1610 1987 redimere

351 2042 515 2114 oporteat,
544 2041 720 2114 argentum
752 2030 832 2093 illud
861 2032 893 2093 in
922 2029 1009 2093 usus'
1029 2030 1126 2093 cedet
1150 2030 1271 2092 vicarii.
1330 2028 1480 2090 Habebit
1507 2027 1610 2090 etiam

354 2135 441 2199 idem
458 2136 600 2198 vicarius
613 2156 766 2198 mansum
777 2133 878 2214 juxta
890 2134 1064 2196 ecclesiam
1078 2133 1168 2215 quod
1182 2133 1243 2196 luit
1258 2133 1380 2215 Rogeri
1396 2129 1611 2205 Marchande,

350 2249 384 2303 et
401 2238 590 2322 procurabit
605 2237 787 2320 hospitium
806 2237 1043 2300 Archidiaconi
1061 2248 1094 2299 et
1110 2238 1224 2299 omnia
1240 2236 1304 2298 alia
1320 2255 1422 2298 onera
1444 2233 1613 2297 ordinaria

353 2343 443 2407 dicte
457 2343 596 2406 ecclesie
612 2352 646 2405 et
661 2341 863 2423 capellarum
879 2341 923 2404 ad
939 2362 1013 2405 eam
1031 2341 1268 2423 pertinentium
1281 2339 1439 2403 debitaet
1450 2348 1611 2401 consueta

353 2447 553 2510 sustinebit:
577 2446 676 2509 salvis
700 2446 732 2507 in
760 2445 925 2522 omnibus,
948 2455 1009 2508 etc.
1056 2444 1157 2527 Quod
1181 2453 1227 2520 ut,
1249 2453 1310 2507 etc.
1360 2442 1434 2505 Hiis
1457 2440 1609 2517 testibus,

355 2550 505 2614 Roberto
522 2550 770 2613 Archidiacono
792 2549 989 2633 Huntingd’,
1005 2559 1039 2612 et
1063 2548 1202 2611 Matheo
1223 2547 1471 2611 Archidiacono
1488 2543 1610 2619 Oxon’,

356 2653 520 2737 Magistro
540 2653 692 2716 Waltero
713 2653 756 2716 de
775 2652 871 2716 Well’
892 2662 926 2716 et
951 2653 1049 2714 Petro
1072 2652 1115 2714 de
1139 2650 1314 2727 Bathonia,
1337 2650 1506 2712 canonicis
1531 2648 1609 2711 Lin-

354 2757 589 2834 colniensibus,
610 2758 773 2839 Magistro
797 2756 967 2819 Willelmo
989 2755 1033 2818 de
1056 2755 1185 2831 Cantia,
1202 2754 1373 2817 Willelmo
1395 2753 1439 2817 de
1461 2751 1555 2817 Cava
1576 2762 1609 2815 et

356 2861 492 2926 Olivero
508 2859 551 2923 de
567 2858 743 2924 Chedneto
759 2860 893 2923 clericis.
936 2859 1028 2922 Data
1043 2879 1102 2940 per
1118 2879 1255 2922 manum
1273 2857 1405 2920 Thome
1419 2856 1463 2919 de
1480 2854 1609 2919 Fisker-

355 2976 414 3029 ton
442 2965 615 3048 capellani,
639 2965 790 3027 canonici
820 2963 1073 3039 Lincolniensis,
1099 2962 1189 3045 apud
1217 2959 1464 3044 Lidint[onam]
1491 2970 1610 3043 quarto

355 3090 462 3132 nonas
480 3069 626 3150 Augusti
655 3068 870 3150 pontificatus
886 3068 989 3130 nostri
1007 3086 1095 3129 auno
1107 3066 1314 3129 duodecimo

353 3513 425 3585 [The
436 3513 591 3565 insliurtr'on
602 3514 639 3581 os
644 3513 738 3565 Adam
749 3512 782 3564 dc
794 3512 929 3583 Rr'lesgal
940 3515 967 3563 to
978 3511 1023 3564 tlte
1033 3512 1164 3577 vr'coruge
1175 3511 1210 3577 of
1217 3510 1338 3574 Murem
1354 3508 1429 3576 Aug.
1442 3526 1465 3574 5,
1480 3510 1564 3578 rm]

446 3632 877 3708 MAKESE1n.—Omnibus
902 3641 962 3694 etc.
1023 3630 1161 3693 Noverit
1186 3628 1382 3692 universitas
1409 3638 1520 3692 vestra
1550 3650 1610 3692 nos

355 3736 398 3800 ad
430 3737 712 3819 presentationem
739 3735 884 3798 Abbatis
911 3748 945 3799 et
970 3744 1153 3796 conventus
1183 3732 1225 3796 de
1252 3733 1364 3815 Burgo
1390 3731 1550 3794 dilectum
1579 3732 1610 3794 in

355 3841 489 3905 Christo
505 3838 609 3902 filium
628 3839 740 3902 Adam
757 3839 800 3902 de
816 3838 981 3921 Pilesgat’,
996 3838 1162 3913 clericum,
1177 3836 1220 3899 ad
1241 3845 1437 3918 perpetuam
1455 3836 1609 3898 vicariam

357 3945 496 4009 ecclesie
512 3943 555 4006 de
577 3942 749 4006 Makeseia
768 3942 943 4006 admisisse
964 3944 1141 4025 ipsumque
1161 3942 1194 4003 in
1213 3962 1253 4003 ea
1273 3940 1432 4004 canonice
1452 3939 1610 4002 vicarium

357 4058 555 4131 perpetuum
580 4048 769 4110 instituisse.
817 4047 979 4110 Consistit
1002 4056 1115 4109 autem
1140 4045 1230 4108 dicta
1253 4044 1375 4107 vicaria
1399 4042 1431 4105 in
1455 4042 1612 4105 omnibus

355 4150 614 4214 obventionibus
641 4150 753 4213 altaris
777 4160 812 4213 et
839 4150 976 4213 minutis
999 4150 1137 4213 decimis
1160 4157 1194 4211 et
1218 4168 1335 4210 manso
1358 4145 1497 4210 ecclesie
1519 4156 1556 4210 et
1579 4147 1611 4208 in

355 4256 495 4319 decimis
510 4254 688 4336 garbarum
705 4255 748 4318 de
764 4255 796 4316 la
818 4253 950 4317 Haum'.
997 4253 1150 4316 Vicarius
1171 4272 1248 4315 vero
1268 4252 1382 4314 omnia
1402 4269 1505 4313 onera
1525 4250 1612 4312 illius

354 4357 492 4421 ecclesie
507 4357 674 4420 ordinaria
689 4357 803 4421 debita
822 4368 856 4420 et
876 4368 1036 4420 consueta
1056 4355 1255 4431 sustinebit;
1278 4354 1387 4429 salvis,
1402 4363 1462 4417 etc.
1510 4352 1611 4436 Quod

357 4474 402 4537 ut,
431 4472 492 4525 etc.
542 4461 618 4524 Hiis
653 4461 803 4537 testibus
843 4462 982 4524 Matheo
1014 4459 1262 4523 Archidiacono
1294 4457 1415 4535 Oxon’,
1448 4457 1613 4540 Magistro

359 4565 509 4629 Waltero
539 4564 582 4627 de
612 4564 709 4628 Well'
735 4566 896 4627 canonico
924 4564 1157 4639 lincolniensi,
1185 4562 1332 4626 Radulfo
1358 4562 1402 4625 de
1427 4560 1612 4624 Warravill’

356 4669 520 4732 canonico
557 4668 727 4745 Wellensi,
759 4668 929 4731 Willelmo
966 4667 1010 4731 de
1048 4667 1322 4743 Winchecumba,
1361 4664 1532 4727 Willelmo
1570 4663 1612 4727 de

356 4770 533 4834 Tintehell’
563 4781 597 4834 et
629 4771 764 4836 Olivero
794 4770 837 4833 de
867 4771 1043 4836 Chedneto
1072 4770 1205 4833 clericis.
1264 4770 1353 4832 Data
1384 4788 1442 4851 per
1475 4787 1611 4831 manum

357 4876 488 4938 Thome
512 4874 554 4938 de
579 4874 755 4939 Fiskerton
775 4874 948 4957 capellani,
968 4875 1118 4938 canonici
1142 4874 1394 4949 Lincolniensis,
1416 4871 1506 4953 apud
1533 4871 1612 4935 Lid-

357 4979 532 5041 dintonam
549 4979 646 5041 nonis
663 4979 818 5061 Augusti,
834 4977 1049 5059 pontificatus
1065 4980 1168 5042 nostri
1185 4998 1274 5040 anno
1289 4976 1499 5039 duodecimo
