3609 5642
338 519 404 587 168
683 515 819 588 Rutuli
836 514 1009 611 Hugonz‘s
1033 515 1077 588 de
1103 515 1235 590 Welles

332 756 448 819 ultime
476 756 731 839 presentationis
754 775 867 819 versus
895 755 1090 832 Walterum,
1115 755 1285 818 Abbatem
1313 756 1586 840 Norhamptonie,

331 859 532 922 deecclesia
554 859 710 942 predicta,
729 857 838 923 dictus
858 859 976 922 Abbas
997 860 1087 922 venit
1107 859 1140 921 in
1163 858 1282 922 eadem
1305 861 1396 924 curia
1417 871 1453 924 et
1475 883 1585 944 recog-

333 963 425 1026 novit
441 963 695 1027 advocationem
710 962 861 1044 ejusdem
878 963 1016 1026 ecclesie
1031 984 1104 1026 esse
1118 963 1172 1044 jus
1188 965 1291 1046 ipsius
1302 964 1451 1041 walteri,
1460 967 1587 1029 ratione

334 1067 481 1148 predicte
503 1066 652 1144 Matilde,
674 1068 788 1130 uxoris
811 1088 878 1144 sue,
899 1078 933 1130 et
956 1067 1045 1130 illam
1067 1068 1193 1130 remisit
1210 1077 1245 1132 et
1263 1069 1411 1149 quietam
1430 1069 1587 1133 clamavit

332 1170 375 1234 de
390 1192 426 1234 se
440 1182 474 1234 et
490 1172 732 1235 successoribus
749 1171 816 1234 suis
833 1171 989 1253 predictis
999 1170 1149 1235 Waltero
1161 1181 1195 1234 et
1209 1173 1350 1236 Matilde
1361 1183 1395 1236 et
1411 1173 1587 1237 heredibus

332 1275 435 1357 ipsius
453 1275 593 1340 Matilde
609 1277 642 1338 in
659 1286 866 1358 perpetuum,
882 1296 940 1358 per
955 1296 1029 1357 que,
1044 1286 1115 1351 etc,
1130 1274 1173 1338 ad
1190 1276 1331 1340 eandem
1349 1277 1516 1341 admissus
1530 1289 1588 1356 est,

332 1388 415 1456 etc.;
443 1379 536 1443 salvo
557 1379 639 1442 inde*
655 1380 781 1444 Abbati
802 1389 837 1443 et
856 1380 1035 1443 conventui
1060 1378 1329 1462 Norhamptonie
1348 1380 1430 1461 jure,
1449 1382 1478 1444 si
1498 1380 1585 1463 quod

334 1482 466 1558 habent,
482 1484 515 1545 in
532 1482 671 1547 dimidia
688 1503 799 1546 marca
814 1503 916 1564 quarn
932 1492 1052 1564 petunt
1067 1481 1110 1545 de
1124 1483 1242 1546 eadem
1259 1484 1396 1547 nomine
1411 1485 1587 1567 pensionis

334 1587 379 1649 Et
406 1585 592 1667 injunctum
617 1596 668 1651 est
693 1586 784 1650 dicto
810 1586 1058 1650 Archidiacono
1086 1586 1353 1671 Norhamptonie
1378 1589 1524 1672 presenti
1543 1598 1587 1667 ut

326 1701 392 1756 etc.

332 1933 426 1997 [Peter
435 1931 469 1984 de
482 1931 679 1996 Qrmtrenmns.
687 1930 856 1989 suhdeacou.
861 1929 1011 1998 presented
1018 1929 1052 1998 by
1055 1930 1135 1996 John
1144 1931 1179 1983 de
1186 1931 1266 1998 Laey,
1279 1931 1422 1985 Constable
1430 1934 1467 1998 os
1472 1933 1497 1986 C
1495 1934 1587 1993 hester,

397 2015 422 2066 is
432 2012 578 2066 instituted
586 2017 612 2065 to
624 2013 669 2064 tlte
680 2011 780 2066 clrurclr
792 2013 828 2080 of
834 2012 951 2080 Naseby.

420 2125 767 2188 NAVESBv.-Petrus
796 2123 839 2188 de
869 2123 1108 2206 Quatremaris‚
1126 2124 1359 2200 subdiaconus,
1380 2135 1588 2208 presentatus

332 2251 390 2312 per
406 2230 551 2292 nobilem
574 2229 680 2290 virum
700 2228 889 2309 Johannem
906 2227 949 2290 de
967 2228 1068 2310 Lacy,
1084 2227 1377 2292 Constabuiarium
1394 2229 1532 2304 Cestrie,
1546 2229 1588 2292 ad

331 2334 504 2398 ecclesiam
521 2332 563 2396 de
575 2331 743 2414 Navesby,
756 2332 843 2395 facta
855 2333 946 2415 prius
960 2332 1172 2413 inquisitione
1186 2352 1243 2415 per
1255 2332 1293 2413 J.,
1305 2332 1587 2396 Archidiaconum

334 2437 599 2519 Norhamptonie
627 2456 685 2519 per
708 2455 819 2517 quarn,
840 2445 910 2511 etc,
934 2435 977 2498 ad
1004 2435 1146 2498 eandem
1172 2434 1338 2498 admissus
1361 2446 1422 2512 est,
1437 2447 1499 2500 etc.
1546 2437 1588 2499 Et

331 2541 516 2623 injunctum
533 2549 583 2603 est
599 2539 709 2604 eidem
727 2539 975 2602 Archidiacono
991 2539 1135 2622 presenti
1152 2549 1197 2616 ut,
1212 2547 1272 2602 etc.

331 2831 452 2899 [Walter
470 2829 504 2882 de
529 2829 657 2890 Hortone,
678 2827 847 2890 mtueacon,
866 2827 1066 2896 presentedby
1088 2827 1252 2880 Amicabilis
1271 2828 1306 2880 de
1331 2826 1461 2890 Wottone‚
1482 2830 1556 2897 aster
1569 2843 1587 2878 α

395 2912 502 2978 dispuit
512 2911 596 2963 about
605 2910 650 2962 the
657 2913 821 2978 patronagu
834 2911 859 2962 is
870 2909 1015 2963 instituted
1024 2915 1051 2962 to
1062 2910 1107 2963 tlte
1117 2910 1218 2964 church
1229 2911 1264 2978 os
1276 2909 1421 2978 Wootton]

418 3021 838 3086 WOTTONE.-Walterus
869 3020 912 3084 de
945 3021 1106 3098 Hortone‚
1126 3021 1359 3096 subdiaconus,
1379 3031 1586 3102 presentatus

331 3148 391 3209 per
413 3126 646 3202 AmicabiIem
661 3126 833 3188 dominam
850 3125 892 3188 de
912 3125 1083 3202 Wottone‚
1099 3125 1141 3188 ad
1161 3124 1336 3188 ecclesiam
1356 3123 1400 3187 de
1421 3124 1586 3197 Wottone‚

331 3231 420 3293 facta
444 3231 535 3312 prius
564 3229 777 3311 inquisitione
802 3249 860 3312 per
884 3229 923 3311 J.,
947 3228 1230 3294 Archidiaconum
1256 3227 1533 3310 Norhamptonie‚
1553 3234 1586 3288 et

332 3336 472 3418 receptis
493 3334 610 3396 litteris
630 3333 757 3397 domini
779 3333 882 3416 Regis
902 3333 1151 3396 continentibus
1173 3331 1274 3414 quod,
1293 3352 1369 3394 curn
1391 3330 1587 3394 Amicabilis

331 3438 373 3501 de
390 3437 483 3501 Bello
500 3436 630 3519 Campo
646 3437 679 3499 in
692 3437 783 3499 curia
798 3457 858 3499 sua
873 3457 985 3498 coram
1000 3436 1190 3518 justiciariis
1205 3436 1273 3498 suis
1289 3433 1379 3513 apud
1397 3435 1585 3498 Westmon·

332 3541 488 3606 asterium
505 3541 711 3604 summonita
726 3550 813 3603 esset
829 3538 871 3602 ad
889 3538 1159 3622 respondendum
1178 3538 1305 3601 Abbati
1325 3538 1369 3601 de
1386 3538 1587 3602 Lavendene

330 3667 432 3729 quare
448 3645 589 3729 impedit
605 3666 681 3708 eum
705 3655 895 3728 presentare
916 3645 1070 3709 idoneam
1093 3665 1269 3727 personam
1291 3643 1334 3706 ad
1355 3643 1529 3707 ecclesiam
1545 3641 1586 3704 de

331 3751 501 3826 Wottone‚
517 3749 605 3812 idern
625 3749 742 3812 Abbas
755 3749 845 3812 venit
858 3749 890 3812 in
903 3748 1021 3812 eadem
1034 3749 1125 3811 curia
1137 3768 1248 3811 coram
1260 3746 1387 3810 eisdem
1395 3745 1586 3827 justiciariis

331 3855 407 3926 suis,
416 3865 450 3917 et
461 3853 654 3935 recognovit
665 3863 698 3915 et
709 3853 873 3916 concessit
883 3853 994 3917 eidem
1006 3852 1154 3916 Amabili
1167 3851 1423 3916 advocationem
1436 3850 1585 3932 ejusdem

331 3958 468 4021 ecclesie
486 3966 522 4019 ut
535 3956 589 4037 jus
605 3976 710 4018 suum.
751 3956 796 4018 Et
813 3965 962 4038 preterea
979 3955 1146 4018 Robertus
1159 3954 1245 4017 filius
1262 3954 1413 4030 Galfridi,
1423 3954 1587 4036 particeps

330 4062 433 4143 ipsius
445 4059 611 4123 Amabilis
624 4079 759 4142 presens
772 4059 833 4121 suit
845 4059 878 4121 in
891 4059 1009 4123 eadem
1023 4061 1122 4137 curia,
1131 4070 1165 4123 et
1178 4059 1304 4122 remisit
1315 4057 1425 4122 eidem
1439 4056 1586 4120 Amabili

330 4173 365 4226 et
385 4162 562 4226 heredibus
584 4163 651 4225 suis
677 4183 736 4245 pro
760 4184 795 4225 se
817 4173 851 4226 et
874 4163 1051 4226 heredibus
1074 4164 1142 4226 suis
1165 4173 1274 4225 totum
1296 4162 1350 4244 jus
1373 4171 1407 4224 et
1430 4160 1586 4223 ciamium

331 4265 420 4348 quod
446 4265 561 4328 habuit
589 4267 621 4328 in
649 4265 798 4349 predicta
828 4267 1056 4343 advocatione,
1081 4288 1140 4350 per
1168 4287 1242 4349 que,
1272 4275 1343 4340 etc,
1368 4264 1411 4327 ad
1442 4263 1584 4327 eandem

331 4368 496 4432 admissus
511 4379 571 4445 est,
586 4379 646 4432 etc.
694 4370 739 4434 Et
755 4369 941 4452 injunctum
957 4381 1008 4434 est
1023 4370 1133 4434 eidem
1151 4368 1398 4433 Archidiacono
1412 4377 1459 4443 ut,
1473 4378 1535 4431 etc

328 4671 431 4742 [Hugh
451 4673 485 4725 de
504 4673 628 4734 Str'uecle,
642 4673 811 4732 sub-deucere,
822 4674 972 4741 presented
985 4674 1018 4742 by
1027 4675 1112 4740 John,
1126 4674 1201 4727 Euri
1215 4674 1251 4741 of
1261 4672 1462 4740 Huntingdon.
1479 4674 1556 4742 aster
1568 4687 1587 4724 a

392 4755 500 4821 dispare
510 4755 593 4806 about
602 4755 646 4808 tite
652 4756 819 4822 patronage.
832 4756 856 4807 is
867 4756 1013 4809 instituted
1021 4763 1048 4809 to
1059 4757 1104 4809 tlte
1114 4756 1215 4810 chearctr
1226 4757 1262 4824 of
1270 4755 1421 4823 Grendon]

417 4857 793 4941 GRENDONE.—Hugo
813 4858 855 4921 de
876 4858 1031 4934 Stiuecie‚
1047 4858 1279 4934 subdiaconus
1295 4866 1505 4940 presentatus
1529 4876 1586 4938 per

328 4961 472 5024 nobilem
496 4961 612 5038 virum,
631 4961 829 5044 Johannem,
850 4963 1017 5026 Comitem
1044 4962 1261 5026 Huntedonie
1280 4961 1322 5025 ad
1347 4961 1522 5024 ecclesiam
1543 4958 1584 5022 de
