3609 5642
323 625 347 692 4
678 599 815 673 Rotule'
830 599 1005 696 Hugone's
1022 599 1066 674 de
1092 599 1223 673 Welles

325 852 503 924 perpetuus
535 843 712 905 institutus¹
759 841 921 906 Consistit
950 851 1061 905 autem
1094 841 1184 904 dicta
1213 841 1334 903 vicaria
1365 841 1397 903 in
1421 841 1577 905 omnibus

323 944 588 1020 obventionibus,
604 945 828 1007 oblationibus
846 955 881 1009 et
897 945 1034 1007 minutis
1052 943 1191 1008 decimis
1211 945 1357 1006 matricis
1376 945 1514 1009 ecclesie
1533 945 1576 1009 de

326 1049 452 1112 Estone
468 1058 502 1112 et
517 1048 668 1130 cappelle
684 1047 726 1111 de
744 1047 1053 1112 Stockenecherche
1069 1049 1251 1131 spectantis
1266 1048 1309 1111 ad
1324 1048 1477 1125 eandem,
1491 1059 1526 1113 et
1542 1051 1575 1111 in

322 1151 461 1215 decimis
490 1150 668 1236 garbarum
699 1151 742 1215 de
772 1161 849 1215 octo
879 1153 1015 1234 virgatis
1045 1163 1131 1216 terre
1157 1153 1191 1214 in
1215 1151 1421 1234 Copincote:
1443 1151 1487 1215 de
1508 1173 1575 1234 qua

322 1265 408 1319 terra
424 1255 580 1337 Angerus
601 1265 693 1318 tenet
712 1263 778 1318 tres
801 1256 955 1338 virgatas,
974 1255 1129 1319 Andreas
1149 1255 1232 1318 duas
1253 1256 1406 1338 virgatas,
1424 1256 1575 1338 Rogerus

321 1359 414 1436 duaS,
439 1359 605 1424 Robertus
631 1359 755 1421 Parvus
780 1380 889 1423 unam.
936 1359 1089 1422 Vicarius
1112 1368 1224 1423 autem
1252 1358 1416 1423 deserviet
1446 1360 1575 1423 matrici

321 1464 459 1527 ecclesie
484 1473 518 1527 et
542 1464 693 1546 cappelle
716 1473 750 1527 et
774 1463 880 1527 solvet
900 1462 1071 1538 sinodalia,
1090 1472 1125 1526 et
1145 1464 1176 1525 in
1198 1461 1353 1526 omnibus
1373 1483 1433 1545 pro
1453 1463 1575 1526 vicaria

320 1587 381 1630 sua
397 1566 617 1650 respondebit.
665 1568 757 1630 Prior
772 1589 850 1632 vero
865 1579 899 1631 et
915 1576 1098 1630 conventus
1115 1566 1237 1631 sacient
1256 1567 1437 1650 hospitium
1454 1567 1573 1631 Archi-

320 1670 461 1748 diaconi,
480 1680 514 1734 et
534 1691 593 1753 pro
613 1691 673 1734 sua
693 1673 845 1754 portione
862 1681 961 1753 prout
980 1671 1065 1734 ratio
1084 1670 1300 1753 postulaverit
1315 1670 1574 1753 respondebunt.

321 1775 366 1838 Et
383 1774 579 1838 mandatum
597 1773 740 1839 Officiali
758 1774 994 1838 Archidiaconi
1012 1773 1134 1850 Oxon',
1149 1773 1250 1855 quod,
1264 1783 1325 1838 etc.

317 1969 440 2038 [Walter
459 1969 493 2022 de
513 1971 668 2034 Prestecote,
693 1970 774 2034 clerk,
787 1969 936 2038 presented
952 1970 986 2038 by
1010 1969 1173 2023 Genteschiu
1195 1969 1312 2037 Pauper
1331 1968 1392 2022 and
1410 1969 1518 2021 Emma
1539 1969 1573 2023 de

383 2051 490 2113 Podr'r's,
508 2053 533 2104 is
544 2053 690 2105 instituted
693 2056 800 2120 parson
812 2051 847 2120 os
862 2053 888 2104 T
884 2051 998 2120 ackley.]

406 2171 539 2236 OXON:
563 2171 991 2254 THACKELE.—·-Magister
1012 2171 1180 2235 Walterus
1201 2171 1244 2234 de
1265 2171 1464 2247 Prestecote,
1480 2172 1572 2235 cleri-

319 2297 386 2354 cus,
405 2284 614 2359 presentatus
638 2295 696 2358 per
720 2275 923 2340 Genteschiu
948 2277 1131 2358 Pauperem
1155 2285 1190 2338 et
1206 2276 1363 2339 Emmam
1387 2273 1430 2338 de
1452 2276 1572 2353 Podiis,

320 2381 501 2457 mulierem,
523 2378 566 2442 ad
589 2379 763 2442 ecclesiam
787 2379 829 2443 de
853 2379 1032 2455 Thackele,
1051 2378 1139 2443 sacta
1162 2381 1252 2462 prius
1276 2380 1491 2461 inquisitione
1514 2401 1573 2463 per

320 2484 519 2568 Magistrum
557 2483 599 2558 S,
626 2481 818 2558 ,Officialem
850 2482 1087 2546 Archidiaconi
1119 2482 1241 2559 Oxon',
1272 2503 1330 2565 per
1360 2502 1471 2564 quarn,
1501 2494 1572 2561 etc,

316 2587 482 2651 admissus
501 2597 553 2651 est
571 2596 606 2650 et
626 2587 658 2648 in
678 2607 719 2648 ea
738 2586 896 2649 canonice
917 2605 1059 2668 persona
1078 2587 1256 2650 institutus
1307 2586 1353 2650 Et
1373 2586 1569 2651 mandatum

316 2700 367 2756 est
383 2691 474 2754 dicto
491 2689 643 2765 Officiali,
659 2689 758 2770 quod,
773 2698 833 2752 etc.

314 2885 424 2958 [Elytas.
435 2885 575 2953 chaplain,
582 2883 770 2954 presentedby
786 2883 891 2938 Walter
900 2884 935 2937 de
949 2884 1066 2945 Verdun,
1079 2883 1197 2952 Km'ght,
1211 2889 1271 2938 toa
1287 2884 1367 2938 third
1380 2887 1417 2955 os
1427 2885 1473 2939 the
1488 2885 1570 2940 tithes

379 2967 415 3037 os
421 2967 466 3020 lu's
476 2967 601 3021 demesne
612 2967 642 3018 in
655 2965 802 3028 Bloxleam,
814 2967 839 3018 is
851 2965 998 3018 instituted
1005 2971 1033 3018 to
1044 2965 1086 3034 ia]

403 3078 545 3144 Oxon’:
571 3079 850 3142 Beonasnnnu:
881 3091 1021 3140 rantra
1051 3091 1141 3141 Pnns
1171 3079 1561 3162 oromatum-Ena

316 3183 542 3266 cappellanus,
566 3191 773 3264 presentatus
804 3201 862 3263 per
895 3181 1081 3244 Walterum
1116 3179 1158 3244 de
1182 3181 1330 3257 Verdun,
1354 3182 1503 3259 militem,
1525 3183 1568 3247 ad

315 3288 447 3352 tertiam
474 3296 603 3368 partem
623 3283 827 3348 decimarum
850 3283 892 3347 de
912 3283 1081 3346 dominico
1100 3305 1160 3346 suo
1180 3284 1212 3347 in
1236 3284 1467 3363 Blolceshame,
1483 3286 1570 3350 sacta

317 3391 407 3474 prius
446 3388 659 3471 inquisitione
696 3407 755 3469 per
794 3387 993 3470 Magistrum
1032 3388 1075 3463 S,
1106 3386 1292 3451 Officialem
1332 3388 1569 3454 Archidiaconi

318 3493 440 3570 Oxon',
470 3512 529 3575 per
558 3511 669 3574 quam,
695 3500 766 3565 etc..
792 3502 827 3554 et
856 3489 1041 3554 Abbatissa
1070 3492 1113 3555 de
1140 3490 1350 3569 Godestowe,
1379 3513 1445 3574 que
1471 3515 1571 3577 super

316 3597 442 3662 eisdem
459 3596 597 3661 decimis
617 3597 671 3678 jus
692 3596 754 3660 sibi
776 3598 865 3680 prius
886 3597 1095 3674 vendicabat,
1114 3598 1249 3661 easdem
1266 3597 1414 3661 decimas
1433 3600 1570 3662 omnino

317 3703 491 3766 relaxante
527 3700 618 3764 dicto
656 3701 814 3778 Waltero,
844 3711 878 3765 et
917 3721 1016 3784 super
1053 3702 1116 3764 hoc
1153 3701 1280 3765 litteras
1310 3723 1387 3765 suas
1417 3712 1571 3785 patentes

316 3805 508 3882 exhibente,
537 3803 704 3867 admissus
740 3816 791 3868 est
828 3815 862 3868 et
899 3805 1079 3869 institutus
1126 3805 1172 3868 Et
1209 3805 1395 3886 injunctum
1426 3816 1478 3869 est
1508 3807 1570 3889 ipsi

319 3906 463 3974 Officiali
480 3909 625 3991 presenti
641 3907 731 3990 quod
747 3907 873 3971 dictum
891 3909 1111 3990 capellanum,
1125 3919 1186 3973 etc.

404 4035 598 4120 [Marginal
609 4047 680 4102 note
692 4035 761 4120 .·—]
779 4037 857 4100 Non
874 4038 983 4119 recepi
999 4037 1267 4120 inquisitionem:
1292 4048 1344 4102 set
1360 4038 1522 4122 Magister
1537 4039 1570 4104 S.

316 4160 391 4205 eam
409 4139 508 4203 saciet
522 4140 644 4203 habere
659 4139 763 4203 nobis.

317 4351 457 4421 [arctarat.
475 4351 555 4413 aere,
567 4353 715 4420 presented
729 4351 761 4420 ey
777 4351 878 4406 norm
890 4353 925 4406 a
942 4353 1071 4414 annau,
1082 4369 1169 4406 canon
1185 4352 1378 4422 ofsatsnry,
1391 4353 1512 4422 nouing
1527 4353 1572 4408 ne

376 4433 502 4503 pretend
510 4435 545 4503 os
552 4433 959 4505 Shepton-under-lllyclrwood,
968 4435 1146 4488 r'senstituted
1153 4441 1181 4489 ta
1189 4436 1234 4488 the
1241 4435 1339 4503 chapel
1348 4437 1384 4504 of
1389 4435 1552 4490 Swr'nbrook
1560 4451 1575 4496 ,·

381 4532 399 4568 a
405 4515 525 4583 pensiore
536 4517 573 4585 os
580 4535 595 4568 1
606 4517 687 4569 mark
698 4533 716 4569 a
721 4533 794 4585 year
802 4519 828 4570 is
838 4518 893 4571 due
905 4524 932 4571 to
943 4518 988 4570 the
1000 4517 1107 4570 mother
1115 4516 1236 4587 chaerea]

405 4633 517 4700 Ox0N
526 4659 534 4698 ε
552 4635 982 4713 SwlNBROC.—Ricardus,
992 4638 1138 4714 clericus,
1150 4647 1360 4721 presentatus
1377 4659 1435 4720 per
1450 4640 1571 4722 magis-

317 4749 405 4804 trum
435 4739 620 4803 Robertum
645 4740 688 4804 de
716 4741 885 4818 Brintone,
907 4743 1105 4806 canonicum
1130 4741 1372 4825 Sarr[esbirie],
1392 4754 1570 4825 patronum

317 4843 469 4925 cappelle
484 4843 527 4907 de
540 4844 711 4909 Swinbroc
729 4847 860 4910 racione
874 4846 1042 4929 prebende
1055 4868 1113 4910 sue
1127 4845 1428 4930 Sarr[esbiriensis]
1440 4846 1482 4911 de
1495 4849 1571 4931 Sip-

316 4958 404 5024 tone,
420 4948 462 5012 ad
479 4948 620 5013 eandem
639 4951 835 5033 cappellam,
846 4951 934 5014 sacta
950 4952 1040 5033 prius
1053 4952 1266 5032 inquisitione
1279 4971 1337 5032 per
1354 4951 1402 5028 R,
1414 4952 1569 5018 clericum

319 5051 557 5118 Archidiaconi
574 5052 696 5131 Oxon',
706 5075 765 5138 per
780 5074 892 5138 quam,
907 5063 978 5132 etc,
990 5053 1156 5120 admissus
1171 5066 1222 5118 est
1237 5064 1272 5119 et
1288 5055 1467 5134 institutus,
1479 5058 1571 5121 salva
