3609 5642
352 570 370 619 2
377 569 421 639 52
703 542 840 615 Rutuli
855 540 1034 637 Hugoms
1059 538 1102 610 de
1129 536 1262 609 Welles

349 783 532 867 saciend[a]
553 782 654 863 juxta
676 782 849 845 arbitrium
875 790 1026 843 nostrum
1050 787 1084 840 et
1108 794 1338 840 successorum
1368 783 1559 836 nostrorum
1586 772 1611 832 si

349 909 411 953 nec
436 888 482 951 sic
507 906 651 952 errorem
679 905 777 949 suum
804 884 941 948 duxerit
968 878 1211 964 corrigendum.
1262 877 1315 940 De
1340 896 1478 939 assensu
1510 875 1612 937 etiam

349 990 516 1055 dictorum
535 990 662 1053 Decani
678 1003 712 1052 et
728 986 866 1071 capituli
882 986 987 1049 nostri
1003 984 1183 1047 statuimus
1195 992 1230 1045 ut
1247 980 1368 1062 singuli
1385 978 1539 1044 canonici
1555 976 1612 1060 qui

350 1105 429 1159 ante
453 1105 606 1177 tempora
634 1104 747 1157 nostra
773 1089 914 1174 singulis
942 1089 1060 1152 diebus
1087 1087 1223 1150 nomine
1250 1104 1430 1149 commune
1457 1104 1518 1146 sue
1548 1091 1614 1145 tres

350 1198 504 1263 denarios
521 1198 666 1280 recipere
681 1196 843 1271 solebant,
859 1195 908 1257 xii
924 1193 1080 1257 denarios
1103 1191 1241 1254 diurnos
1257 1189 1301 1253 ad
1323 1189 1433 1251 minus
1451 1188 1614 1269 recipiant

352 1304 385 1367 in
410 1312 607 1386 perpetuum
631 1323 655 1363 a
674 1313 826 1382 tempore
842 1298 1025 1362 vacationis
1048 1296 1187 1383 ecclesie
1212 1302 1417 1368 memorate;
1441 1292 1542 1354 salvis
1565 1291 1613 1353 eis

353 1409 488 1489 insuper
516 1404 673 1468 omnibus
702 1404 776 1466 aliis
814 1401 1030 1485 proventibus
1061 1420 1145 1482 quos
1184 1418 1262 1461 cum
1301 1416 1483 1461 communa
1524 1396 1616 1478 prius

353 1512 498 1593 recipere
513 1517 756 1572 consueverunt
769 1530 776 1583 ;
800 1505 900 1569 salvis
916 1506 1017 1569 etiam
1033 1514 1095 1567 etc.
1144 1502 1191 1567 Ut
1207 1512 1320 1565 autem
1336 1512 1408 1577 etc,
1423 1500 1567 1564 testibus
1582 1509 1615 1563 et

353 1614 433 1678 data
458 1623 494 1694 ut
517 1614 550 1676 in
574 1622 667 1675 carta
689 1611 731 1675 de
755 1611 855 1673 xxxii
882 1610 1001 1672 marcis
1028 1618 1062 1671 et
1089 1606 1230 1671 dimidia
1247 1605 1426 1688 assignatis
1446 1603 1490 1666 ad
1514 1602 1614 1666 trium

353 1716 601 1800 capellanorum
618 1715 898 1778 sustentationem
914 1722 985 1789 etc,
1001 1712 1033 1776 in
1050 1710 1321 1775 archidiaconatu
1343 1706 1528 1773 Lincolnie.

357 2176 507 2246 [Grautby
518 2176 564 2229 the
575 2176 681 2243 Bt'shop
692 2177 727 2241 os
732 2179 749 2227 6
760 2176 856 2228 rnarks
866 2176 1044 2242 aycarjrom
1055 2174 1101 2227 tlte
1112 2172 1213 2226 churclr
1225 2173 1261 2240 os
1272 2171 1371 2239 Kilsby
1380 2172 1437 2239 sor
1445 2172 1491 2225 tlte
1501 2176 1620 2241 support

422 2259 519 2325 ostwo
529 2262 657 2310 servants
668 2262 696 2311 to
703 2257 803 2325 guard
810 2256 856 2309 tlte
866 2254 1011 2309 cathedrul
1021 2255 1056 2323 os
1063 2254 1200 2323 bircam]

445 2402 859 2467 Kluusssuv.-Omnibus
874 2412 936 2463 etc.
985 2399 1123 2463 Noverit
1140 2399 1337 2463 universitas
1354 2410 1464 2463 vestra
1489 2420 1549 2462 nos
1573 2400 1616 2463 de

357 2523 493 2566 assensu
524 2502 723 2565 dilectorum
754 2500 897 2564 filiorum
927 2498 1085 2563 Willelmi
1118 2498 1246 2563 Decani
1277 2510 1312 2562 et
1343 2500 1480 2582 capituli
1512 2501 1616 2564 nostri

360 2605 510 2669 Lincoln'
537 2626 597 2688 pro
624 2607 732 2667 salute
758 2606 870 2667 anime
894 2614 1007 2666 nostre
1033 2612 1066 2666 et
1092 2603 1280 2665 animarum
1305 2612 1556 2667 antecessorum
1581 2616 1616 2667 et

358 2729 586 2773 successorum
603 2718 802 2785 nostrorum,
818 2707 863 2770 ob
879 2708 1040 2770 honorem
1057 2708 1158 2769 etiam
1175 2718 1209 2770 et
1232 2706 1450 2770 reverentiam
1475 2708 1619 2789 gloriose

359 2814 496 2895 virginis
514 2812 628 2887 Mane,
640 2812 852 2886 concessisse,
863 2810 995 2873 dedisse
1006 2820 1040 2873 et
1057 2810 1246 2891 assignasse
1261 2809 1303 2872 ad
1321 2808 1463 2873 duorum
1475 2812 1618 2875 servien-

359 2928 431 2979 tum
463 2916 741 2979 sustentationem
772 2915 828 2997 qui
859 2913 1054 2989 successive,
1079 2933 1136 2995 per
1164 2912 1338 2976 Decanum
1369 2924 1403 2977 et
1434 2916 1618 2997 capitulum

361 3020 559 3104 providendi
583 3030 617 3083 et
644 3018 845 3102 preficiendi,
869 3017 1044 3081 ecclesiam
1071 3028 1220 3080 nostram
1248 3017 1515 3082 Lincolniensem
1542 3041 1617 3083 cum

359 3124 516 3188 omnibus
533 3125 699 3186 contentis
716 3124 748 3186 in
765 3144 805 3185 ea
821 3120 875 3185 die
892 3133 1056 3203 nocteque
1068 3120 1265 3195 custodient,
1277 3141 1337 3184 sex
1350 3142 1479 3185 marcas
1490 3143 1619 3186 annuas

359 3227 558 3291 deecclesia
581 3228 624 3291 de
641 3226 812 3310 Kyldisby
827 3246 903 3290 cum
929 3226 1036 3308 primo
1053 3225 1227 3299 vacaverit,
1243 3224 1421 3288 solvendas
1446 3226 1620 3291 Lincolnie

361 3333 394 3395 in
419 3342 616 3414 perpetuum
641 3332 713 3395 sine
735 3331 959 3394 diminutione
981 3328 1130 3410 qualibet
1153 3329 1289 3392 sacriste
1314 3328 1539 3393 Lincolniensi
1563 3334 1619 3414 qui

363 3457 422 3518 pro
439 3444 590 3517 tempore
606 3435 704 3499 suerit
720 3435 752 3496 in
768 3432 900 3496 duobus
917 3434 993 3496 anni
1011 3433 1171 3508 terminis
1188 3432 1343 3496 videlicet
1363 3434 1395 3498 in
1413 3432 1498 3497 sesto
1514 3438 1620 3499 sancti

364 3538 501 3603 Martini
528 3538 752 3620 quadraginta
782 3537 907 3599 solidos
937 3545 971 3598 et
1002 3536 1034 3599 in
1065 3535 1148 3600 festo
1182 3536 1367 3600 Pentecost’
1398 3536 1622 3621 quadraginta

362 3641 486 3705 solidos
504 3662 562 3724 per
578 3662 698 3705 manus
712 3661 828 3704 eorum
843 3641 900 3721 qui
917 3640 1042 3704 dictam
1057 3641 1203 3703 rexerint
1219 3640 1394 3703 ecclesiam
1407 3640 1450 3704 de
1462 3640 1621 3725 Kildeby‚

364 3768 422 3831 per
438 3766 499 3809 nos
514 3756 548 3809 et
565 3766 772 3809 successores
788 3754 930 3820 nostros,
946 3754 1105 3826 patronos
1121 3742 1282 3825 ejusdem,
1298 3744 1504 3821 instituendi,
1516 3757 1550 3809 et
1563 3768 1622 3829 per

363 3852 472 3933 ipsum
503 3850 674 3913 sacristam
706 3848 926 3913 servientibus
965 3848 1045 3931 ipsis
1076 3848 1369 3930 proportionaliter
1402 3849 1445 3912 de
1482 3852 1622 3915 consilio

365 3953 493 4018 Decani
509 3964 544 4016 et
559 3952 695 4035 capituli
706 3952 864 4034 predictis
874 3952 1025 4015 terminis
1035 3950 1267 4015 numerandas.
1315 3952 1404 4015 Dicti
1417 3954 1623 4032 veroclerici‚

365 4066 508 4121 rectores
532 4055 671 4119 ecclesie
699 4064 891 4132 memorate,
915 4056 1023 4119 dictas
1051 4076 1112 4118 sex
1140 4075 1277 4131 marcas,
1302 4066 1337 4118 ut
1360 4055 1488 4120 dictum
1512 4069 1573 4133 est,
1589 4060 1622 4123 in

365 4169 563 4242 perpetuum
579 4158 710 4222 solvent
734 4160 880 4242 periculo
903 4168 937 4223 et
960 4158 1150 4241 sumptibus
1173 4158 1365 4235 eorundem,
1381 4171 1415 4223 et
1438 4180 1537 4244 super
1560 4162 1624 4226 hoc

365 4283 441 4326 cum
459 4284 519 4345 per
536 4262 711 4325 Decanum
727 4273 761 4327 et
776 4263 961 4346 capitulum
980 4262 1101 4325 fuerint
1117 4262 1266 4345 requisiti
1290 4283 1391 4345 super
1412 4276 1624 4331 sacrosancta

365 4364 562 4449 prestabunt
585 4367 800 4448 corporaliter
815 4378 1071 4430 sacramentum.
1118 4366 1306 4430 Statuimus
1329 4378 1440 4430 autem
1464 4368 1555 4449 quod
1579 4370 1624 4433 ob

365 4470 452 4532 hanc
463 4479 611 4532 nostram
617 4470 878 4551 assignationem
891 4468 934 4532 de
946 4468 1360 4552 oneribusThesaurar[io]
1369 4470 1624 4557 Lincoln[iensi]

366 4572 637 4655 contingentibus
665 4572 777 4655 quoad
803 4592 978 4636 numerum
1004 4574 1207 4636 servientum
1230 4594 1315 4655 quos
1346 4573 1493 4637 invenire
1523 4576 1625 4641 debet

367 4676 491 4739 ibidem
507 4685 672 4740 eteorum
690 4675 857 4759 stipendia
873 4676 973 4739 nichil
995 4696 1142 4757 unquam
1159 4676 1375 4740 subtrahatur
1390 4676 1441 4741 vel
1458 4676 1625 4743 diminua-

367 4790 440 4851 tur:
464 4779 564 4842 salvis
579 4790 640 4843 etc.
687 4778 788 4863 Quod
804 4790 841 4842 ut
856 4788 928 4855 etc..
944 4778 1085 4843 testibus
1101 4790 1135 4843 et
1150 4780 1239 4857 data,
1257 4791 1293 4843 ut
1310 4782 1342 4843 in
1359 4792 1451 4845 carta
1466 4781 1510 4846 de
1524 4786 1624 4848 xxxii

368 4884 487 4946 marcis
499 4893 532 4945 et
548 4881 688 4945 dimidia
703 4884 881 4967 assignatis
896 4883 939 4946 ad
957 4882 1057 4945 trium
1078 4883 1327 4966 capellanorum
1345 4887 1625 4951 sustentationem

367 4997 428 5051 etc.
446 4987 479 5049 in
495 4985 766 5052 archidiaconatu
785 4986 966 5052 Lincolnie.
