3609 5642
609 556 788 654 Episcopi
810 555 1092 630 Leucolniensis.
1415 561 1479 648 167

217 791 359 856 decimis
399 794 465 858 leni
502 806 536 860 et
574 796 756 861 molendini
790 818 874 879 quas
912 797 984 874 Tlu,
1016 797 1134 860 ultimo
1168 799 1309 861 vicarius
1344 796 1478 873 ibidem,

217 897 366 978 optinuit
382 919 402 960 a
417 897 555 963 domino
571 911 606 964 et
620 901 845 983 parrochianis
860 901 1011 983 ejusdem
1028 901 1114 978 ville,
1123 900 1221 964 simul
1238 921 1314 964 cum
1331 901 1477 984 quadam

216 1011 314 1081 parte
341 1000 433 1064 bosci
464 1003 591 1067 domini
616 1015 650 1068 et
674 1015 818 1087 pastura,
849 1026 914 1087 que
939 1005 1027 1069 valet
1052 1025 1111 1088 per
1136 1024 1261 1068 annum
1288 1027 1312 1066 x
1343 1003 1475 1069 solidos.

219 1102 373 1168 Habebit
388 1106 490 1169 etiam
506 1108 647 1171 vicarius
664 1118 784 1172 terram
801 1109 1005 1173 dominicam
1020 1109 1159 1172 ecclesie
1174 1129 1250 1171 cum
1267 1109 1476 1191 pertinentiis

214 1217 252 1271 et
270 1228 388 1272 manso
404 1211 550 1290 ecclesie,
565 1221 711 1295 excepto
720 1214 838 1278 horreo
848 1213 995 1296 quodam
1007 1214 1039 1276 in
1053 1234 1120 1295 quo
1131 1212 1292 1276 moniales
1302 1212 1475 1295 deponunt

215 1310 367 1376 decimas
393 1315 580 1397 garbarum.
629 1317 713 1380 Item
741 1318 881 1380 vicarius
912 1317 1010 1380 solvit
1036 1317 1219 1400 synodalia,
1249 1325 1283 1380 et
1314 1316 1475 1379 moniales

214 1427 399 1496 procurant
416 1417 710 1498 Archidiaconum,
726 1431 760 1484 et
775 1421 910 1484 solvunt
933 1420 1106 1483 annuatim
1123 1421 1246 1483 vicario
1269 1429 1334 1483 tres
1350 1418 1474 1482 solidos

215 1541 279 1602 pro
294 1521 434 1586 dimidia
450 1523 572 1588 bovata
588 1537 682 1600 terre,
698 1545 763 1606 que
778 1525 859 1589 data
877 1526 939 1589 suit
954 1525 1093 1589 ecclesie
1109 1546 1169 1608 pro
1185 1525 1333 1589 cantaria
1348 1523 1475 1606 capelle

214 1623 261 1688 de
278 1623 458 1709 Alestorpe
472 1637 507 1690 et
522 1628 810 1692 administratione
825 1627 977 1709 ejusdem
994 1651 1053 1712 per
1068 1639 1134 1692 tres
1149 1629 1220 1692 dies
1236 1629 1269 1691 in
1285 1627 1475 1691 ebdomada

214 1749 277 1810 per
288 1729 447 1794 vicarium
463 1731 506 1794 de
530 1732 705 1815 Bumleya,
720 1743 871 1816 tempore
893 1734 1018 1796 scilicet
1034 1754 1101 1815 quo
1123 1732 1286 1816 capellani
1309 1731 1475 1795 celebrare

214 1842 376 1914 poterunt
392 1834 443 1898 bis
459 1835 492 1898 in
509 1836 572 1914 die,
587 1847 622 1900 et
638 1847 754 1920 postea
771 1837 876 1901 redita
892 1836 955 1899 fuit
978 1836 1033 1899 illa
1049 1847 1136 1900 terra
1151 1835 1328 1900 heredibus
1344 1835 1473 1898 illorum

213 1937 275 2018 qui
289 1957 365 2000 eam
382 1939 594 2004 contulerunt
607 1941 746 2004 ecclesie
762 1941 804 2004 de
821 1941 997 2023 Burnleya

214 2207 361 2276 [Wliiom
378 2209 413 2261 de
430 2209 508 2270 Esse,
527 2211 634 2274 diacon,
647 2212 795 2280 presented
809 2211 954 2281 byRobert
966 2211 1064 2280 Lupus
1074 2212 1108 2264 de
1118 2211 1196 2272 Esse,
1208 2211 1233 2264 is
1243 2211 1386 2263 instituted
1394 2216 1420 2262 to
1431 2211 1477 2262 tlte

277 2291 393 2358 portion
405 2293 436 2344 in
448 2293 493 2345 the
503 2293 603 2347 clrurch
615 2295 650 2363 os
657 2295 750 2347 Roade
761 2294 853 2347 witich
865 2295 949 2347 Peter
957 2294 1055 2362 Lupus
1065 2292 1125 2345 leod
1133 2293 1216 2357 held]

308 2411 660 2476 Rom-willelmus
669 2413 712 2477 de
724 2413 991 2492 Esse,diaconus,
1001 2421 1211 2497 presentatus
1222 2433 1280 2495 per
1290 2411 1474 2475 Robertum

216 2515 354 2598 Lupum
381 2515 424 2580 de
452 2516 536 2580 Esse
560 2517 603 2580 ad
628 2517 719 2581 illam
745 2518 932 2600 portionem
953 2537 1055 2598 quam
1081 2519 1198 2580 Petrus
1224 2515 1339 2598 Lupus
1359 2514 1477 2577 ultimo

213 2621 325 2684 tenuit
349 2619 381 2682 in
407 2621 546 2683 ecclesia
570 2621 613 2685 de
638 2621 745 2698 Roda,
765 2621 853 2684 sacta
873 2620 963 2704 prius
988 2620 1202 2702 inquisitione
1226 2639 1285 2702 per
1302 2619 1341 2700 J.,
1357 2618 1476 2682 Archi·

215 2724 396 2787 diaconum
419 2724 694 2808 Norhamptonie‚
711 2746 770 2808 per
788 2746 900 2808 quam,
915 2736 986 2802 etc,
1002 2724 1044 2788 ad
1068 2724 1209 2788 eandem
1233 2711 1399 2787 admissus
1417 2733 1477 2798 est,

215 2829 300 2891 etin
318 2849 359 2892 ea
374 2830 534 2892 canonice
551 2849 692 2912 persona
709 2829 887 2892 institutus.

216 3095 358 3161 [Richard
371 3098 406 3149 de
426 3097 585 3161 Wendoure,
603 3097 770 3162 sid-deacon,
784 3098 935 3164 presented
947 3098 980 3166 by
997 3097 1043 3150 tite
1054 3098 1140 3150 Prior
1148 3097 1184 3164 os
1190 3096 1236 3148 tlte
1246 3094 1440 3163 Hospitellers,
1453 3097 1477 3148 is

281 3178 428 3231 instituted
436 3183 462 3231 to
473 3179 519 3232 tite
529 3179 629 3232 ciunt
641 3180 677 3247 os
688 3179 803 3247 l'ardley
814 3178 961 3247 Hostings.
1000 3178 1057 3230 The
1067 3178 1178 3230 audent
1186 3177 1306 3244 pemeon
1316 3176 1342 3229 is
1351 3180 1481 3230 reservet

281 3260 368 3314 totite
380 3261 532 3329 Hospitnl]
584 3327 589 3340 ι

305 3380 745 3462 janonem-Magister
768 3381 933 3444 Ricardus
956 3379 999 3443 de
1022 3379 1222 3456 Wendoure,
1245 3378 1478 3455 subdiaconus,

216 3492 430 3567 presentatus
458 3505 516 3567 per
545 3485 689 3547 Priorem
717 3494 751 3546 et
778 3483 896 3547 iratres
926 3483 1113 3566 Hospitalis
1142 3481 1415 3564 Jerosolamitani
1443 3482 1475 3543 in

216 3587 345 3669 Anglia
367 3586 410 3650 ad
435 3585 608 3650 ecclesiam
632 3586 676 3650 de
699 3586 872 3668 Jerdeleia,
895 3585 985 3648 facta
1008 3586 1098 3668 prius
1122 3585 1336 3666 inquisitione
1359 3605 1418 3667 per
1440 3584 1478 3665 J.,

216 3691 502 3754 Archidiaconum
521 3691 796 3773 Norhamptonie‚
812 3710 996 3773 perquam,
1011 3699 1081 3766 etc,
1097 3689 1139 3752 ad
1155 3688 1296 3752 eandem
1313 3687 1478 3752 admissus

214 3803 275 3871 est,
306 3803 341 3858 et
372 3794 404 3856 in
435 3815 475 3857 ea
504 3795 663 3857 canonice
694 3814 837 3876 persona
861 3794 1055 3870 institutus;
1088 3792 1181 3856 salva
1209 3792 1286 3855 inde
1313 3792 1414 3854 Priori
1441 3803 1475 3855 et

217 3899 374 3962 iratribus
415 3898 602 3980 Hospitalis
640 3898 779 3980 predicti
817 3897 932 3962 debita
968 3907 1002 3960 et
1040 3897 1178 3978 antiqua
1216 3895 1384 3979 pensione.
1428 3895 1474 3958 Et

217 4000 416 4065 mandatum
432 4011 483 4066 est
499 4001 608 4066 eidem
626 4002 873 4066 Archidiacono
889 4012 935 4077 ut,
950 4012 1011 4065 etc.

215 4272 335 4340 [Simon.
347 4272 515 4334 suddeacon,
530 4273 677 4340 presented
692 4273 725 4340 by
746 4272 851 4325 Walter
864 4273 897 4324 dc
917 4272 1074 4334 Gatesdene,
1086 4271 1162 4338 aster
1176 4286 1193 4322 a
1209 4269 1318 4337 dispute
1333 4269 1417 4321 about
1431 4269 1476 4321 the

275 4357 442 4422 patronage,
454 4355 479 4406 is
489 4353 634 4408 instituted
642 4360 670 4407 to
680 4355 725 4408 tite
736 4354 834 4408 clturch
847 4353 883 4422 os
889 4352 1130 4420 Farthingstone]

305 4473 801 4539 FERDINGESTONE.—Simon
829 4472 872 4536 de
899 4471 1034 4554 [blank],
1065 4469 1297 4546 subdiaconus,
1327 4481 1473 4552 present·

215 4587 293 4639 atus
316 4597 376 4660 per
398 4576 584 4641 Walterum
606 4577 648 4640 de
668 4577 859 4642 Gatesdene
879 4576 922 4640 ad
943 4575 1117 4639 ecclesiam
1138 4576 1181 4638 de
1202 4575 1474 4657 Ferdingestone,

217 4678 305 4744 lacta
332 4681 423 4763 prius
450 4682 664 4763 inquisitione
688 4703 746 4764 per
768 4683 806 4764 J.,
830 4680 1114 4744 Archidiaconum
1140 4679 1417 4760 Norhamptonie‚
1439 4691 1473 4743 et

217 4786 358 4867 receptis
382 4784 499 4848 litteris
526 4785 653 4847 domini
683 4786 786 4868 Regis
810 4783 1059 4848 continentibus
1082 4780 1182 4863 quod,
1205 4800 1280 4843 cum
1306 4780 1473 4843 Walterus

215 4886 257 4950 de
275 4887 467 4952 Gatesdene
482 4899 515 4952 et
534 4889 685 4966 Matilda,
701 4909 788 4952 uxor
802 4887 883 4969 ejus,
900 4889 933 4949 in
949 4887 1040 4950 curia
1055 4885 1206 4967 ejusdem
1222 4884 1348 4947 domini
1370 4884 1472 4965 Regis

215 5010 325 5054 coram
340 4990 532 5073 justiciariis
548 4995 615 5055 suis
631 4993 720 5075 apud
739 4992 1074 5055 Westmonasterium
1096 4996 1318 5052 arramassent
1332 4988 1471 5050 assisam
