3609 5642
585 570 764 667 Episcopi
786 570 1069 645 Lincolniensis.
1106 622 1109 626 -
1388 594 1431 665 27
1438 594 1457 667 5

203 806 273 877 [The
293 803 396 860 chmh
423 807 460 875 os
480 804 795 864 BreedonondheHill.
818 805 889 858 with
915 806 960 859 du
985 806 1094 875 chapels
1122 807 1162 874 os¹
1175 806 1380 877 -Worllrr'ngton
1402 806 1463 861 and

264 890 384 944 Stanton
401 887 521 952 Horold,
539 889 638 957 belong
655 893 683 941 to
699 886 745 941 tic
764 888 890 941 Conveni
900 890 938 957 of
947 890 987 943 st.
1006 889 1140 953 Osnvaldr
1155 890 1204 950 ie„
1222 888 1335 944 Bredon
1349 890 1457 959 Ρνίωγ,

263 990 282 1025 a
292 971 346 1026 cell
354 971 391 1040 os
397 971 437 1025 St.
450 971 582 1025 Oswaldr
589 970 706 1034 Nostell,
724 970 817 1025 l'orles.
862 971 889 1023 Τ
884 971 920 1025 lie
939 972 1072 1043 vicorage
1088 975 1112 1025 is
1124 972 1280 1042 desm'bcd.]

288 1092 443 1157 Pruorus
466 1105 514 1154 en
544 1091 832 1156 Cnuourconuu
864 1090 1007 1157 Snncn
1040 1092 1239 1157 Oswnmn:
1272 1094 1457 1157 Banuoun

203 1194 281 1261 c'un
303 1206 482 1260 curemus
503 1208 554 1258 ns
578 1194 879 1258 Wonrrnuroue
902 1208 951 1257 nr
975 1194 1363 1260 §muron—vicarius
1387 1216 1459 1280 per-v

202 1309 321 1382 petuus
337 1298 475 1363 habebit
497 1299 633 1362 nomine
649 1299 771 1362 vicarie
793 1319 853 1362 sue
868 1298 931 1362 sibi
954 1311 989 1363 et
1004 1299 1138 1363 duobus
1160 1300 1352 1384 capellanis
1374 1321 1459 1383 quos

202 1403 339 1467 habebit
353 1404 470 1480 socios,
485 1413 519 1467 et
534 1402 678 1466 diacono
693 1415 727 1467 et
742 1402 874 1467 duobus
889 1404 1017 1467 clericis
1034 1406 1110 1481 suis,
1123 1404 1348 1469 'sufficientem
1365 1402 1460 1469 exhi-

201 1507 362 1571 bitionem
377 1508 486 1570 victus
497 1506 540 1571 ad
552 1526 702 1571 mensam
719 1508 964 1574 canonicorum.
1012 1508 1161 1572 Habebit
1176 1508 1278 1572 etiam
1294 1508 1458 1591 foragium

201 1611 243 1674 ad
260 1610 458 1694 palefridum
471 1632 568 1675 suum
584 1622 618 1675 et
634 1611 839 1695 prebendam
855 1633 932 1675 cum
950 1614 1023 1676 ierit
1034 1612 1076 1675 ad
1091 1612 1247 1677 sinodum
1262 1623 1297 1678 et
1312 1614 1459 1697 capitula

201 1724 235 1777 et
259 1724 410 1797 preterea
435 1726 579 1798 quatuor
603 1736 731 1780 marcas
757 1736 818 1799 pro
844 1715 1020 1799 stipendiis
1051 1716 1119 1779 suis
1149 1727 1183 1780 et
1210 1716 1457 1799 capellanorum

201 1837 336 1881 suorum
366 1829 400 1882 et
424 1820 632 1896 clericorum3
654 1828 689 1883 et
719 1819 856 1883 habebit
886 1825 1037 1902 preterea
1061 1821 1133 1903 ipse
1158 1830 1194 1885 et
1218 1820 1380 1903 capellani
1406 1823 1457 1885 sui

202 1921 385 1985 secundum
424 1922 571 2006 legatum
609 1933 644 1986 et
680 1932 857 1986 consuetas
894 1923 1090 2002 oblationes,
1119 1934 1154 1988 et
1183 1925 1288 1989 solvet
1318 1925 1459 1988 vicarius

203 2026 366 2090 sinodalia
388 2037 541 2106 tantum;
564 2029 714 2092 canonici
740 2037 852 2092 autem
874 2030 1100 2110 procurabunt
1116 2028 1410 2106 Archidiaconum
1424 2041 1459 2094 et

203 2140 272 2193 tam
289 2128 380 2193 dicto
395 2132 517 2194 vicario
533 2152 635 2214 quam
658 2131 839 2214 capellanis
862 2133 929 2195 suis
954 2152 1088 2195 mansos
1111 2142 1339 2216 competentes
1362 2142 1459 2197 extra

204 2233 385 2314 prioratum
401 2236 628 2318 assignabunt
673 2234 812 2318 [Added
822 2234 987 2318 later.·-]
1017 2234 1188 2317 Johannes
1211 2232 1402 2319 capellanus
1417 2236 1461 2299 de

206 2334 330 2419 Dauby
344 2336 511 2401 admissus
526 2349 585 2402 est.

766 2478 896 2492 —nm—

204 2619 275 2684 [Tire
293 2619 395 2673 clarck
416 2619 453 2686 of
469 2618 607 2687 Hinckley
627 2619 741 2689 belongs
766 2626 794 2673 ro
816 2619 862 2672 the
886 2619 1013 2673 Conveni
1032 2619 1068 2687 of
1086 2619 1164 2688 Lyre,
1189 2620 1364 2691 Normandy.
1405 2622 1462 2677 Tlre

266 2701 603 2771 mcarageisdesmbed.]
663 2701 666 2705 ’
1156 2778 1159 2786 Ι

244 2821 247 2826 ’
291 2820 457 2885 Annuus
487 2835 535 2883 er
566 2834 796 2886 couvaurus
831 2835 881 2883 oe
907 2821 1020 2886 LIRA:
1054 2821 1461 2888 munuera-vicarius

205 2934 384 3008 perpetuus
403 2924 540 2988 habebit
556 2918 693 2988 nomine
715 2924 837 2988 vicarie
861 2945 920 2988 sue
935 2925 998 2988 sibi
1021 2934 1056 2989 et
1078 2926 1252 3008 capellano
1275 2947 1345 3004 suo,
1360 2947 1459 3009 quem

204 3028 342 3093 habebit
355 3028 493 3105 socium,
508 3039 542 3092 et
557 3027 699 3092 diacono
715 3041 749 3093 et
765 3028 884 3093 clerico
899 3049 969 3105 suo,
984 3029 1204 3093 sufficientem
1217 3029 1460 3095 exhibitionem

205 3134 310 3197 victus
340 3131 384 3195 ad
416 3153 566 3197 mensam
605 3132 865 3211 monachorum;
899 3141 934 3197 et
964 3132 1101 3209 habebit
1139 3145 1205 3198 tres
1243 3155 1371 3198 marcas
1402 3156 1461 3219 pro

205 3236 379 3320 stipendiis
394 3239 462 3301 suis
477 3248 512 3302 et
535 3238 697 3322 capellani
721 3240 771 3301 sui
787 3251 821 3302 et
845 3240 1048 3317 clericorum,
1064 3250 1098 3303 et
1121 3239 1285 3323 foragium
1309 3239 1352 3303 ad
1372 3241 1461 3324 pale-

205 3341 326 3406 fridum
342 3363 439 3406 suum
455 3352 490 3407 et
506 3342 709 3426 prebendam
727 3363 803 3406 cum
824 3344 898 3407 ierit
917 3342 960 3407 ad
986 3342 1171 3427 [sino]dum
1188 3354 1221 3408 et
1237 3346 1384 3427 capitula
1398 3368 1405 3423 ;
1428 3355 1462 3408 et

205 3445 340 3509 habebit
363 3447 442 3530 ipse
456 3456 491 3510 et
514 3446 706 3529 capellanus
729 3467 808 3509 suus
838 3446 1022 3510 secundum
1047 3448 1193 3529 legatum
1217 3458 1251 3511 et
1275 3447 1463 3523 oblationes

205 3559 381 3613 consuetas
403 3561 438 3614 et
461 3571 595 3614 mansos
625 3562 855 3633 competentes
879 3561 978 3615 extra
1005 3551 1186 3635 prioratum
1213 3550 1461 3637 assig[nandos]

205 3663 238 3717 et
274 3653 383 3717 solvet
418 3655 558 3720 vicarius
575 3654 765 3736 'synodalia
794 3666 936 3719 tantum.
997 3656 1164 3720 Robertus
1199 3655 1242 3719 de
1275 3656 1462 3736 Hinkeleia,

205 3757 405 3840 capellanus,
420 3756 586 3820 admissus
600 3769 661 3836 est,
676 3753 737 3822 etc.
1462 3752 1463 3757 ’

205 4086 277 4151 [The
291 4084 394 4142 cnurch
416 4087 453 4154 os
471 4085 586 4139 Omrton
608 4086 761 4155 belongsto
782 4086 827 4141 the
847 4086 974 4140 Conveni
994 4087 1029 4155 of
1048 4086 1170 4140 Owston.
1219 4088 1274 4141 Tlre
1289 4088 1421 4156 vicarage
1436 4089 1461 4141 is

268 4166 426 4237 asmata]
473 4235 475 4238 ¹

292 4292 458 4357 Amans
474 4306 521 4356 er
538 4293 838 4369 Convnuruson
861 4292 1136 4359 Osuuvesroun
1151 4319 1157 4357 :
1174 4292 1461 4369 ,Osuevesroue

205 4396 402 4461 —Vicarius
425 4406 605 4479 perpetuus
628 4397 764 4461 habebit
788 4398 924 4460 nomine
950 4398 1071 4461 vicarie
1095 4417 1154 4461 sue
1176 4397 1238 4460 sibi
1261 4406 1295 4469 et
1317 4398 1460 4461 diacono

205 4522 265 4565 suo
291 4499 512 4564 sufficientem
535 4498 784 4564 exhibitionem·
803 4501 911 4564 victus
934 4500 976 4564 ad
1001 4520 1151 4563 mensam
1167 4502 1402 4564 canonicorum
1425 4511 1461 4565 et

206 4604 341 4670 habebit
357 4604 474 4686 viginti
490 4602 614 4667 solidos
631 4624 691 4687 pro
706 4602 881 4686 stipendiis
898 4605 966 4667 suis
981 4614 1014 4667 et
1030 4602 1171 4679 diaconi,
1186 4614 1220 4667 et
1236 4604 1399 4686 foragium
1416 4605 1458 4667 ad

206 4707 404 4793 palefridum
420 4729 527 4786 suum,
542 4718 577 4772 et
600 4708 805 4792 prebendam
828 4729 903 4771 cum
929 4708 1002 4772 ierit
1017 4708 1060 4771 ad
1085 4708 1239 4772 sinodum
1256 4717 1290 4771 et
1305 4708 1460 4791 capitula,

204 4823 237 4878 et
274 4812 458 4876 secundum
497 4812 644 4894 legatum
673 4813 868 4876 rationabile
897 4822 932 4877 et
962 4811 1149 4875 oblationes
1177 4821 1353 4875 consuetas
1382 4832 1458 4875 cum

207 4936 324 4981 manso
350 4924 563 4997 competente
592 4926 690 4979 extra
720 4924 851 4999 portam
879 4916 1013 4980 abbatie
1043 4913 1246 4997 assignando
1258 4936 1265 4991 ;
1289 4923 1323 4978 et
1353 4914 1460 4978 solvet

207 5018 370 5084 sinodalia
385 5028 526 5083 tantum.

1347 5113 1365 5151 Τ
1377 5114 1393 5152 2
