3609 5642
357 547 425 633 146
702 537 835 609 Rotulz
853 536 1030 633 Hugonz's
1046 537 1090 608 de
1116 535 1249 608 Walter

353 691 646 700 ——.-—--——-—--

355 782 523 864 Episcopo
547 779 757 864 presentavit.
803 778 997 861 Requisitus
1013 777 1056 842 de
1078 778 1132 841 die
1155 778 1229 840 loco
1251 787 1286 842 et
1308 777 1398 855 hora,
1413 777 1495 842 dicit
1518 779 1609 860 quod

353 884 408 949 die
432 884 573 948 Veneris
598 885 631 947 in
663 883 854 947 ebdomada
884 884 1082 947 Pentecoste
1112 893 1189 965 post
1213 903 1368 965 vesperas
1398 883 1432 946 in
1462 884 1608 965 prioratu

354 1010 414 1053 suo
449 988 571 1054 Senon’
605 996 703 1050 extra
737 997 867 1070 portam
906 987 1060 1063 civitatis,
1090 986 1254 1060 videlicet,
1285 987 1319 1048 in
1355 985 1502 1048 claustro
1531 996 1610 1050 ante

355 1092 500 1156 hostium
532 1111 663 1155 camere
685 1091 828 1167 Prioris;
864 1090 1041 1172 requisitus
1070 1090 1127 1171 qui
1158 1089 1385 1165 interfuerunt,
1407 1089 1490 1154 dicit
1519 1089 1609 1172 quod

358 1196 531 1271 Henricus,
555 1195 738 1258 monachus
761 1204 795 1257 et
818 1194 1011 1276 capellanus
1034 1193 1115 1256 dicti
1141 1193 1271 1269 Prioris,
1292 1203 1327 1256 et
1358 1193 1428 1276 ipse
1450 1192 1610 1269 Thomas,

353 1299 456 1376 testis,
471 1309 504 1361 et
520 1298 708 1361 Willelmus
724 1297 766 1360 de
783 1297 995 1373 Baskerville,
1011 1297 1169 1360 contestis
1184 1317 1271 1359 suus.

441 1417 629 1480 Willelmus
644 1417 686 1479 de
703 1415 914 1491 Baskerville‚
930 1416 1041 1492 laicus,
1054 1413 1193 1495 juratus,
1209 1415 1243 1477 in
1258 1415 1414 1478 omnibus
1429 1416 1610 1479 concordat

354 1541 429 1583 cum
447 1520 596 1603 predicto
612 1519 754 1594 Thoma,
769 1538 809 1581 eo
825 1519 897 1580 solo
912 1528 1056 1600 excepto
1072 1518 1162 1599 quod
1181 1518 1286 1580 nescit
1307 1537 1430 1581 nomen
1446 1519 1610 1600 capellani

322 1703 324 1707 Ι
355 1623 493 1707 predicti
511 1623 638 1686 Prioris.

442 1727 630 1790 Willelmus
654 1726 858 1800 Formentin,
879 1724 1063 1788 monachus
1077 1724 1120 1787 de
1145 1725 1263 1808 Longa
1283 1724 1375 1788 Villa
1396 1735 1431 1788 et
1446 1725 1609 1798 sacerdos,

355 1843 434 1895 tunc
451 1850 589 1894 manens
605 1829 695 1912 apud
713 1829 905 1905 Newetone,
921 1828 1060 1908 juratus
1078 1827 1235 1911 predictis
1250 1829 1369 1892 litteris
1389 1830 1419 1892 ei
1441 1829 1609 1903 exhibitis,

354 1935 435 1998 dicit
472 1932 562 2015 quod
600 1933 731 2014 signum
768 1932 878 2015 ipsum
912 1952 988 1994 cum
1021 1932 1234 2014 contrasigno
1264 1942 1316 1995 est
1347 1933 1493 2014 sigillum
1530 1933 1609 1996 dicti

356 2037 528 2121 Stephani,
550 2038 669 2100 Prioris
684 2037 727 2100 de
747 2035 901 2101 Caritate
949 2036 1142 2118 Requisitus
1164 2039 1306 2118 qualiter
1329 2037 1391 2100 hoc
1414 2039 1507 2116 sciat,
1530 2039 1610 2102 dicit

354 2142 444 2225 quod
464 2141 661 2205 multociens
676 2141 759 2204 vidit
775 2142 907 2223 signum
928 2142 1037 2223 ipsum
1053 2161 1128 2203 cum
1145 2141 1359 2222 contrasigno
1382 2151 1608 2224 presentatum

355 2247 388 2309 in
404 2244 551 2328 capitulo
567 2245 656 2328 apud
674 2244 827 2327 Longam
844 2244 981 2321 Villam,
996 2245 1133 2307 nomine
1148 2244 1287 2326 predicti
1306 2245 1434 2308 Prioris.

442 2367 608 2430 Robertus
645 2364 839 2442 Grimbaud‚
874 2365 989 2430 Sancti
1021 2364 1158 2428 Andree
1197 2365 1463 2449 Norhamptonie
1495 2385 1608 2428 mona-

353 2472 435 2534 chus
464 2481 498 2533 et
533 2469 696 2546 sacerdos,
723 2468 861 2550 juratus
891 2468 1072 2531 concordat
1103 2471 1136 2530 in
1167 2469 1323 2532 omnibus
1353 2489 1429 2532 cum
1461 2470 1609 2551 predicto

354 2575 524 2638 Willelmo
540 2573 744 2649 Formentin,
759 2593 800 2636 eo
815 2582 928 2635 tamen
943 2582 1073 2635 mutato
1081 2571 1172 2653 quod
1184 2573 1267 2635 vidit
1278 2571 1463 2654 predictum
1477 2574 1606 2655 signum

352 2699 428 2741 cum
451 2677 664 2758 contrasigno
687 2674 885 2738 multociens
909 2677 1090 2758 presentari
1114 2677 1251 2738 nomine
1274 2675 1413 2757 predicti
1438 2676 1608 2758 Stephani,

356 2781 483 2857 Primis,
500 2781 533 2842 in
550 2779 698 2862 capitulo
713 2799 774 2842 suo
790 2778 821 2841 N
824 2779 1065 2861 orhamptonie.

442 2901 524 2964 Erat
550 2911 663 2963 autem
690 2900 724 2962 in
754 2899 872 2979 majori
900 2901 996 2981 signo
1020 2899 1167 2981 oblongo
1188 2900 1300 2983 imago
1330 2899 1484 2963 monachi
1516 2903 1607 2983 quasi

355 3005 462 3068 induti
486 3004 665 3067 dalmatica
689 3004 834 3066 tenentis
858 3002 977 3065 librum
1001 3003 1043 3066 ad
1068 3015 1193 3086 pectus,
1208 3024 1283 3066 cum
1307 3004 1609 3088 circumscriptione

354 3110 432 3172 tali:
466 3107 619 3191 Sigillum
645 3106 807 3189 Stephani
832 3107 953 3170 Prioris
975 3107 1017 3170 de
1041 3107 1196 3172 Caritate.
1250 3105 1509 3191 Contrasignum
1533 3130 1609 3172 vero

356 3211 534 3276 rotundum
558 3221 638 3288 erat,
662 3210 787 3274 habens
811 3231 936 3293 agnum
961 3209 1166 3292 bajulantem
1190 3230 1320 3274 crucem
1343 3231 1443 3293 supra
1466 3211 1610 3288 dorsum,

354 3338 429 3381 cum
446 3317 770 3397 circumscriptione:
796 3314 905 3377 Deum
923 3315 1012 3378 time.

442 3437 595 3500 Tandem
620 3435 789 3518 predictus
811 3436 901 3498 Prior
923 3435 1038 3500 Sancti
1058 3433 1195 3498 Andree
1218 3435 1344 3497 litteras
1366 3435 1493 3499 domini
1515 3436 1611 3520 Epis

356 3543 431 3624 copi
463 3541 711 3604 Archidiacono
750 3540 1019 3622 Norhamptonie
1056 3538 1272 3621 porrigendas
1306 3539 1451 3603 obtinuit
1482 3540 1515 3602 in
1550 3541 1610 3603 hac

357 3646 482 3710 forma:
521 3651 535 3676 ‘⁴
551 3645 662 3727 Hugo,
693 3643 758 3707 Dei
788 3645 895 3727 gratia
928 3643 1170 3706 Lincolniensis
1203 3644 1387 3726 episcopus,
1425 3642 1549 3706 dilecto
1578 3645 1610 3706 in

357 3749 490 3815 Christo
514 3748 581 3811 filio
605 3749 655 3824 R,
675 3746 922 3810 Archidiacono
943 3746 1218 3828 Norhamptonie,
1240 3745 1391 3822 salutem,
1413 3748 1556 3827 gratiam
1578 3756 1612 3809 et

358 3852 632 3916 benedictionem.
679 3849 847 3932 Quoniam
872 3848 914 3911 ad
939 3851 1220 3931 presentationem
1240 3848 1412 3931 Stephani,
1430 3851 1550 3913 Prioris
1570 3849 1612 3914 de

358 3955 513 4032 Caritate,
540 3955 698 4018 dilectum
730 3955 761 4016 in
794 3952 928 4017 Christo
958 3953 1071 4030 lilium,
1096 3953 1263 4015 Thomam
1294 3951 1337 4015 de
1368 3953 1486 4036 longa
1513 3954 1612 4030 Villa,

359 4058 568 4136 monachum,
599 4057 640 4121 ad
675 4059 856 4140 prioratum
890 4057 1005 4121 Sancti
1033 4057 1169 4120 Andree
1194 4057 1470 4139 Norhamptonie,
1492 4078 1612 4121 vacan-

358 4175 426 4227 tem
443 4159 585 4243 eoquod
600 4158 772 4237 Radulsus‚
785 4160 955 4242 quondam
975 4161 1068 4222 Prior
1082 4160 1216 4236 ibidem,
1230 4159 1381 4241 ejusdem
1392 4159 1512 4224 domus
1529 4162 1611 4244 regi-

359 4266 440 4329 mini
456 4265 602 4342 omnino,
611 4265 701 4346 quod
717 4264 869 4327 dolentes
882 4264 1032 4340 dicimuS,
1044 4263 1181 4327 effectus
1197 4273 1248 4326 est
1264 4263 1397 4339 inutilia,
1407 4264 1612 4342 admisimus,

358 4369 533 4452 ipsumque
553 4367 585 4430 in
601 4388 642 4430 eo
658 4368 818 4430 canonice
840 4367 988 4429 Priorem
1015 4367 1227 4440 instituimus
1243 4387 1354 4429 curam
1371 4368 1402 4430 ei
1419 4368 1612 4432 interiorum

357 4481 391 4534 et
414 4471 606 4534 interiorum
629 4469 712 4550 (sic)
727 4470 979 4546 committend0‚
1001 4470 1096 4533 vobis
1123 4469 1322 4533 mandamus
1345 4472 1502 4552 quatinus
1526 4473 1614 4536 circa

359 4594 534 4658 personam
551 4574 653 4657 ipsius
670 4575 703 4636 in
719 4575 781 4637 hac
798 4583 891 4656 parte
908 4574 998 4656 quod
1011 4585 1156 4637 vestrum
1169 4584 1219 4636 est
1236 4573 1372 4637 ulterius
1386 4577 1612 4655 exequamini.

357 4678 512 4741 Valetis”

447 4781 501 4845 Ad
534 4781 642 4863 majus
669 4791 781 4846 autem
811 4792 845 4844 et
869 4781 1056 4845 evidentius
1086 4782 1351 4864 supradictorum
1382 4781 1612 4846 testimonium

358 4886 445 4950 idem
461 4887 553 4949 Prior
562 4886 688 4948 litteras
701 4905 776 4948 suas
793 4895 946 4968 patentes
962 4886 1053 4948 dicto
1068 4883 1206 4948 domino
1222 4884 1359 4948 tradidit
1371 4885 1404 4947 in
1420 4883 1482 4947 hec
1497 4885 1613 4950 verba:

357 4990 548 5056 “Omnibus
576 4988 698 5053 Christi
726 4989 878 5052 fidelibus
894 4988 937 5050 ad
960 5008 1045 5069 quos
1069 4998 1239 5070 presentes
1262 4987 1372 5051 littere
1393 4989 1616 5069 pervenerint,
