3609 5642
350 596 419 643 212
692 570 829 644 Rotulz'
849 570 1025 666 Hugonz's
1051 570 1094 643 de
1129 570 1261 642 Welles

350 806 424 872 [The
434 807 592 861 institution
601 808 638 874 of
646 807 708 875 Guy
718 807 752 860 cte
761 806 858 860 Aricio
868 811 895 859 to
908 807 953 859 the
964 805 1064 861 ctrurctr
1077 807 1113 873 os
1119 806 1248 859 Moreton
1260 806 1409 875 Pintmey,·
1418 822 1462 859 see
1467 810 1498 874 p.
1512 807 1579 874 rap]

437 926 614 991 GILDENE
639 926 1057 991 MORTONE.-Omnibus
1072 936 1134 989 etc.
1182 926 1320 989 Noverit
1335 936 1406 1002 etc,
1421 925 1512 1007 quod
1529 945 1605 988 cum

350 1030 546 1094 mandatum
571 1030 740 1094 reverendi
763 1032 868 1113 patris
895 1042 931 1095 et
953 1030 1082 1095 domini
1106 1031 1209 1093 nostri
1236 1029 1378 1092 Honorii
1404 1030 1494 1111 Pape
1517 1028 1603 1092 tertii

350 1135 588 1217 recepissemus
610 1132 653 1197 de
675 1134 885 1197 conserendis
912 1133 1030 1217 viginti
1058 1135 1178 1196 marcis
1203 1134 1437 1216 sterlingorum
1470 1133 1605 1195 nomine

349 1237 501 1302 beneficii
519 1237 683 1320 Magistro
706 1235 855 1300 Goidoni
879 1237 922 1301 de
939 1238 1054 1300 Aricio
1077 1236 1251 1299 annuatim
1268 1238 1310 1299 de
1334 1256 1465 1299 camera
1481 1245 1604 1310 nostra,

348 1341 455 1406 donec
472 1340 722 1425 provideremus
745 1339 855 1404 eidem
880 1342 913 1403 in
939 1340 1100 1404 beneficio
1116 1341 1341 1404 ecclesiastico
1357 1340 1521 1422 ampliori,
1544 1360 1604 1402 nos

348 1445 392 1509 de
407 1466 544 1509 assensu
561 1445 683 1508 Prioris
694 1454 728 1507 et
744 1453 930 1508 conventus
945 1442 988 1507 de
1011 1444 1151 1526 Esseby,
1168 1454 1384 1526 patronorum
1400 1443 1540 1506 ecclesie
1563 1442 1605 1506 de

349 1548 499 1612 Geldene
516 1549 705 1625 Morthone,
725 1548 867 1611 eandem
884 1547 1059 1611 ecclesiam
1071 1548 1315 1631 assignavimus
1331 1547 1424 1611 dicto
1442 1546 1605 1629 Magistro

349 1651 398 1729 G,
420 1662 454 1715 et
470 1652 578 1735 ipsum
596 1654 629 1715 in
645 1673 686 1715 ea
702 1673 878 1735 personam
895 1652 1101 1716 instituimus
1116 1662 1186 1728 etc,
1204 1662 1240 1714 ut
1257 1652 1290 1713 in
1312 1650 1422 1714 rotulo
1437 1660 1603 1713 cartarum

349 1753 636 1820 archidiaconatus
661 1755 774 1820 Oxon’
797 1754 949 1837 ejusdem
977 1757 1055 1818 anni
1084 1756 1181 1839 plene
1207 1756 1329 1837 poterit
1354 1756 1504 1817 inveniri.
1552 1755 1604 1817 De

348 1859 412 1923 hoc
427 1861 529 1923 etiam
546 1861 682 1943 negotio
698 1860 856 1942 scriptum
873 1871 925 1923 est
940 1881 985 1923 ex
1002 1869 1096 1943 parte
1112 1860 1276 1941 opposita.

348 2204 391 2269 [T
387 2204 421 2256 tre
429 2204 577 2257 ordenance
587 2204 623 2272 os
630 2204 676 2257 the
684 2204 792 2270 Bishop
802 2204 939 2257 atoutthe
950 2204 1050 2257 ctmrch
1063 2206 1098 2269 of
1110 2204 1223 2257 Weldon
1231 2222 1243 2265 ,·
1255 2204 1332 2257 Mar:
1343 2222 1383 2266 ιο,
1398 2207 1482 2265 1226,·
1492 2219 1536 2257 see
1546 2204 1605 2257 also

406 2290 438 2355 t·
451 2288 521 2352 [αἱ]

361 2408 368 2418 ’
435 2407 564 2472 Caum
602 2407 889 2471 CANONICORUM
929 2420 978 2469 ore
1016 2406 1150 2469 Linon
1184 2420 1303 2469 sorau
1340 2419 1519 2470 accensu
1555 2420 1602 2468 on

347 2510 795 2576 wamma-Omnibus
818 2521 881 2574 etc.
929 2510 1068 2573 Noverit
1091 2521 1162 2585 etc,
1179 2509 1269 2592 quod
1286 2530 1348 2572 nos
1372 2510 1415 2573 de
1438 2530 1602 2573 consensu

348 2615 469 2677 Prioris
491 2624 526 2678 et
541 2625 725 2678 conventus
741 2613 784 2678 de
802 2613 929 2691 Lauda,
951 2624 1168 2696 patronorum
1185 2614 1324 2677 ecclesie
1347 2613 1389 2676 de
1407 2613 1605 2677 Welledune

347 2729 381 2781 et
412 2718 626 2782 medietatem
657 2728 727 2781 tam
758 2717 889 2781 decime
918 2719 1095 2801 garbarum
1126 2738 1227 2799 quam
1259 2728 1344 2781 terre
1381 2716 1533 2798 ejusdem
1571 2718 1603 2779 in

348 2823 489 2904 propriis
504 2822 618 2885 usibus
634 2821 840 2897 habentium,
855 2822 1027 2885 Willelmo
1042 2822 1144 2886 etiam
1161 2821 1336 2903 capellano
1352 2822 1454 2886 totius
1470 2821 1604 2883 alterius

348 2925 537 2989 medietatis
561 2945 703 3009 persona
725 2926 964 3002 consentiente,
991 2926 1164 3007 cupientes
1192 2926 1363 3007 utriusque
1389 2926 1493 3007 partis
1517 2934 1604 2988 tran-

347 3027 503 3109 quillitati
526 3038 560 3092 et
584 3030 657 3111 paci
682 3029 847 3111 provideri
872 3030 905 3091 in
930 3041 1111 3111 posterum,
1127 3050 1227 3113 super
1251 3030 1369 3092 eadem
1394 3029 1536 3093 ecclesia
1559 3031 1604 3093 ita

348 3130 584 3209 ordinavimus
599 3132 754 3197 videlicet
769 3133 858 3215 quod
877 3132 1040 3196 medietas
1051 3133 1286 3216 alteragii‚que
1302 3134 1335 3196 in
1353 3144 1481 3215 partem
1494 3134 1603 3196 vicarii

349 3241 439 3321 prius
462 3238 569 3313 cessit,
584 3236 627 3300 de
654 3247 764 3301 cetero
787 3238 886 3300 simul
912 3258 988 3301 cum
1013 3236 1077 3300 alia
1101 3238 1281 3301 medietate
1305 3237 1402 3301 cedet
1418 3240 1450 3300 in
1475 3248 1604 3320 partem

349 3342 428 3405 dicti
445 3340 606 3404 Willelmi
618 3350 652 3404 et
667 3360 895 3404 successorum
907 3361 1041 3404 suorum
1058 3340 1209 3422 ejusdem
1225 3342 1364 3404 ecclesie
1380 3361 1605 3423 personarum,

349 3448 395 3510 ita
425 3446 515 3529 qood
546 3456 655 3509 totum
686 3446 884 3529 alteragium
915 3446 1088 3511 habebunt
1118 3468 1194 3510 cum
1220 3448 1418 3530 integritate.
1467 3448 1606 3512 Decime

348 3551 450 3614 etiam
466 3551 509 3614 de
525 3550 725 3633 lapilodinis,
740 3551 830 3633 sepis
850 3560 884 3614 et
908 3550 1116 3627 molendinis,
1132 3551 1269 3633 quando
1284 3550 1461 3627 dabuntur,
1478 3552 1606 3635 integre

349 3652 469 3716 cedent
500 3654 534 3716 in
566 3664 694 3737 partem
727 3675 967 3736 personarum;
998 3658 1054 3737 qui
1086 3654 1222 3737 quidem
1247 3656 1361 3717 omnia
1391 3675 1493 3718 onera
1519 3655 1606 3719 illius

349 3756 487 3820 ecclesie
502 3756 679 3835 ordinaria,
696 3757 810 3821 debita
825 3769 860 3821 et
875 3769 1046 3833 consueta,
1061 3759 1274 3823 sustinebunt
1287 3780 1293 3836 ;
1309 3768 1343 3822 et
1360 3758 1491 3822 solvent
1507 3759 1606 3823 dictis

349 3862 518 3925 canonicis
533 3873 676 3943 quatuor
691 3883 820 3926 marcas
834 3884 972 3941 annuas,
984 3863 1067 3927 duas
1080 3864 1122 3927 ad
1141 3863 1268 3927 Pascha
1279 3874 1314 3928 et
1323 3862 1407 3926 duas
1423 3862 1466 3927 ad
1483 3862 1606 3927 festum

349 3966 456 4029 sancti
489 3964 672 4041 Michaelis,
699 3965 784 4029 duas
810 3967 937 4031 scilicet
960 3968 1003 4031 de
1034 3968 1214 4033 medietate
1245 3967 1395 4050 alteragii
1422 3987 1489 4049 que
1515 3969 1607 4051 prius

349 4070 448 4133 cessit
471 4070 505 4131 in
529 4078 657 4151 partem
682 4070 802 4147 vicarii,
827 4081 862 4134 et
883 4071 968 4135 duas
995 4092 1078 4155 quas
1100 4073 1143 4136 de
1168 4072 1272 4137 altera
1300 4070 1480 4135 medietate
1502 4074 1607 4136 totius

350 4173 489 4238 ecclesie
520 4174 610 4255 prius
641 4176 810 4257 percipere
836 4188 1088 4241 consueverunt.
1141 4178 1193 4240 De
1224 4174 1497 4239 extraordinariis
1529 4198 1607 4241 vero

350 4278 514 4355 oneribus,
539 4278 565 4340 si
589 4280 793 4357 emerserint,
817 4280 957 4363 predicti
980 4282 1131 4345 canonici
1156 4280 1447 4365 proportionaliter
1462 4301 1524 4363 pro
1547 4302 1608 4345 sua

351 4392 422 4445 rata
445 4381 702 4464 respondebunt
750 4384 936 4450 Habebunt
958 4386 1060 4450 etiam
1084 4387 1173 4450 idem
1190 4386 1241 4449 W.
1258 4396 1292 4449 et
1316 4406 1523 4449 successores
1548 4388 1608 4463 sui,

350 4485 500 4567 ejusdem
517 4486 655 4551 ecclesie
678 4509 829 4570 persone,
851 4491 1061 4574 capellanum
1086 4491 1212 4553 socium
1237 4491 1305 4553 suis
1327 4488 1526 4571 sumptibus
1550 4492 1606 4573 qui

351 4590 383 4651 in
400 4589 539 4653 ecclesia
554 4590 610 4654 illa
625 4593 724 4656 simul
740 4613 815 4657 cum
833 4594 913 4677 ipsis
929 4596 962 4657 in
979 4594 1087 4659 officio
1103 4594 1301 4659 sacerdotali
1317 4595 1476 4659 continue
1492 4595 1607 4659 minis·

352 4692 461 4756 trabit
520 4693 761 4760 Ordinavimus
798 4698 900 4762 etiam
932 4699 1023 4780 quod
1053 4700 1355 4781 quotienscumque
1389 4710 1606 4781 personatum

353 4795 538 4880 predictum
555 4818 673 4863 vacare
689 4800 876 4883 contigerit,
899 4802 1039 4884 predicti
1064 4803 1195 4886 patroni
1219 4802 1428 4885 capellanum
1447 4801 1607 4867 idoneum

352 4899 449 4963 nobis
464 4911 499 4964 et
513 4904 758 4967 successoribus
770 4906 892 4969 nostris
902 4908 1088 4970 successive
1101 4906 1341 4989 presentabunt
1357 4906 1605 4971 admittendum

352 5014 385 5067 et
409 5003 441 5066 in
465 5004 604 5069 ecclesia
628 5008 798 5093 sepedicta
822 5012 981 5077 canonice
1008 5030 1184 5097 personam
1210 5010 1461 5087 instituendum,
1485 5012 1543 5097 qui
1570 5022 1605 5077 ut
