3609 5642
570 594 752 691 Episcopi
774 593 1055 668 Lz'ncolnz'ensr'r.
1377 598 1438 667 181

417 746 624 752 -·-——--—-
639 746 916 751 ——----———-—
950 746 1238 753 --—--—-·-—-——-
1260 747 1285 752 -
1305 746 1439 752 --.-.-......

195 835 465 918 Norhamptonie,
488 854 547 917 per
569 854 679 915 quam,
702 844 773 909 etc,
795 834 838 897 ad
861 834 1004 898 eandem
1028 834 1193 898 admissus
1216 846 1276 911 est,
1291 845 1351 898 etc.
1399 835 1444 898 Et

194 938 384 1002 mandatum
415 948 466 1002 est
495 938 604 1001 eidem
637 938 884 1002 Archidiacono
915 949 960 1017 ut,
990 952 1050 1002 etc.
1102 939 1146 1003 Et
1177 938 1363 1020 injunctum
1393 948 1444 1003 est

193 1042 295 1105 eidem
322 1042 496 1106 Willelmo
521 1052 557 1105 ut
580 1042 622 1105 ad
647 1042 820 1124 proximos
850 1042 983 1106 ordines
1007 1044 1119 1106 veniat
1144 1044 1178 1106 in
1202 1042 1443 1107 subdiaconum

193 1148 402 1212 ordinandus.

193 1405 336 1471 [When
352 1406 516 1460 Cianoellor
530 1407 565 1474 os
576 1406 701 1466 Lincoln,
713 1406 862 1473 presented
875 1406 909 1474 by
925 1405 971 1458 tlte
986 1406 1074 1459 Arbor
1089 1406 1150 1459 and
1166 1406 1291 1459 Conveni
1306 1408 1341 1474 os
1352 1405 1445 1473 Sulby,

251 1488 276 1540 is
295 1488 445 1542 instituted
462 1494 490 1541 to
512 1488 558 1541 tlte
579 1488 680 1541 clrurch
703 1488 739 1555 os
752 1488 839 1540 Great
861 1488 1045 1541 Harrowden.
1084 1488 1141 1541 The
1159 1489 1270 1541 ancient
1285 1488 1405 1556 periston
1421 1489 1447 1540 is

251 1571 383 1624 reseroed
392 1576 420 1623 to
430 1571 476 1624 the
481 1571 621 1639 patrone]

274 1682 727 1758 HARWODE.—Willelmus‚
757 1682 982 1746 Cancellarius
1015 1684 1196 1760 Lincolnie,
1238 1693 1446 1766 presentatus

194 1807 245 1868 per
261 1786 434 1850 Abbatem
450 1797 484 1851 et
499 1797 701 1850 conventum
717 1786 760 1849 de
776 1786 904 1868 Suleby
920 1786 961 1850 ad
978 1787 1153 1851 ecclesiam
1167 1787 1208 1851 de
1228 1786 1447 1861 Harwedone,

193 1890 273 1954 sacta
295 1891 390 1974 prius
412 1892 626 1974 inquisitione
649 1912 708 1973 per
724 1891 764 1972 J.,
785 1891 1069 1954 Archidiaconum
1095 1891 1371 1974 Norhamptonie,
1390 1912 1448 1973 per

192 2014 295 2075 quam,
315 2006 391 2071 etc,
416 1995 459 2058 ad
486 1995 628 2058 eandem
654 1993 819 2057 admissus
843 2005 903 2072 est,
928 2005 962 2058 et
988 1996 1020 2057 in
1045 2017 1084 2057 ea
1109 1995 1172 2058 sub
1194 2016 1281 2077 pena
1307 1993 1447 2059 Concilii

192 2100 346 2163 canonice
378 2120 520 2182 persona
545 2100 723 2163 institutus
771 2099 816 2163 Et
841 2099 1038 2162 mandatum
1063 2110 1114 2162 est
1139 2098 1248 2163 eidem
1274 2097 1447 2162 Archidia-

193 2222 271 2265 cono
287 2213 323 2266 ut
345 2203 455 2286 ipsum
473 2202 727 2285 incorporalem
748 2203 851 2283 ipsius
870 2202 1008 2265 ecclesie
1029 2204 1273 2285 possessionem
1294 2202 1448 2275 inducat;

193 2308 285 2370 salvis
310 2308 393 2391 ipsis
418 2308 566 2390 patronis
591 2306 720 2370 duabus
746 2306 866 2369 marcis
892 2308 1012 2369 annuis
1038 2308 1173 2370 nomine
1198 2306 1349 2370 beneficii
1377 2328 1447 2389 per-

194 2414 276 2493 petui
292 2412 336 2476 de
360 2434 401 2475 ea
424 2411 650 2495 persolvendis
673 2412 706 2474 in
731 2412 816 2474 festu
839 2411 1001 2475 Omnium
1027 2412 1226 2476 Sanctorum
1250 2423 1284 2475 et
1308 2413 1339 2474 in
1365 2410 1449 2474 sesto

196 2515 298 2592 Pasce,
318 2514 505 2579 secundum
524 2516 615 2597 quod
637 2517 668 2577 in
689 2527 789 2590 carta,
808 2534 910 2596 quam
931 2513 973 2577 de
994 2515 1089 2577 nobis
1109 2525 1143 2579 et
1163 2514 1309 2597 capitulo
1336 2524 1449 2577 nostro

194 2616 321 2697 habent,
337 2621 536 2683 continetur.
605 2693 609 2699 ι

670 2880 810 2943 Annus
834 2876 967 2941 xxvrl⁸¹

195 3004 278 3070 [Iolen
293 3006 328 3059 de
343 3004 567 3072 (opnmnesordn
580 3004 718 3072 cnaplain,
725 3004 875 3072 preserved
889 3005 922 3072 by
933 3004 978 3057 tire
995 3004 1083 3057 Arbor
1098 3006 1158 3059 arrd
1169 3006 1296 3057 Conveni
1310 3006 1345 3073 os
1357 3006 1449 3074 Snlby,

253 3088 278 3139 ir
288 3086 437 3140 instituted
444 3088 525 3139 vicar
533 3088 569 3155 of
574 3086 659 3139 Little
670 3086 857 3155 Addington.]

276 3197 713 3280 Ammona—Johannes
733 3197 775 3261 de
800 3197 1077 3279 Copmanesorde,
1097 3198 1297 3281 capellanus,
1317 3220 1450 3281 presen-

195 3310 278 3363 tatus
293 3322 354 3385 per
370 3301 542 3365 Abbatem
558 3312 592 3364 et
607 3311 810 3365 conventum
826 3301 868 3365 de
886 3301 1012 3383 Suleby
1029 3301 1070 3365 ad
1088 3302 1244 3364 vicariam
1260 3302 1398 3365 ecclesie
1408 3302 1450 3365 de

197 3402 373 3482 Adintone,
393 3404 481 3468 sacta
502 3406 592 3488 prius
614 3405 828 3487 inquisitione
848 3426 907 3487 per
922 3404 959 3487 J.,
982 3405 1263 3469 Archidiaconum
1286 3406 1449 3470 Norham-

196 3509 289 3585 tonie,
312 3530 496 3593 perquam
521 3510 693 3591 negotium
717 3509 779 3572 suit
802 3510 836 3573 in
859 3509 1030 3591 expedit0‚
1054 3510 1096 3573 ad
1127 3510 1269 3573 eandem
1292 3510 1449 3573 vicariam

195 3610 356 3677 admissus
377 3622 438 3690 est,
453 3622 488 3677 et
511 3614 544 3676 in
566 3635 607 3676 ea
629 3614 794 3677 canonice
811 3613 951 3677 vicarius
975 3623 1155 3696 perpetuus
1179 3614 1350 3678 institutus
1372 3634 1448 3677 cum

195 3735 287 3780 onere
318 3717 529 3786 ministrandi
561 3717 778 3799 personaliter
811 3717 844 3779 in
877 3717 1029 3780 eandem.
1085 3717 1130 3780 Et
1167 3717 1362 3780 mandatum
1399 3728 1450 3781 est

195 3818 297 3883 eidem
319 3820 568 3884 Archidiacono
587 3830 624 3883 ut
647 3820 797 3909 predicto
812 3821 958 3902 johanni
979 3820 1184 3903 corporalem
1207 3822 1308 3903 ipsius
1329 3822 1449 3884 vicarie

197 3925 435 4003 possessionem
451 3924 574 3987 habere
591 3924 697 3987 saciat.
744 3924 905 3989 Consistit
927 3934 1039 3988 autem
1061 3926 1132 4007 ipsa
1149 3924 1270 3987 vicaria
1291 3935 1328 3987 ut
1349 3945 1449 4006 supra

197 4045 280 4088 anno
294 4027 441 4109 septimo
456 4026 596 4103 decim0,
612 4028 674 4089 nisi
690 4026 847 4089 dominus
871 4027 1060 4111 Episcopus
1079 4027 1174 4091 aliter
1190 4028 1297 4110 ipsam
1314 4026 1449 4090 duxerit

196 4128 420 4193 ordinandam.
469 4130 521 4192 Ita
544 4139 656 4193 autem
680 4130 846 4193 admissus
868 4141 920 4194 est
943 4132 1052 4195 dictus
1074 4132 1246 4213 Johannes
1269 4130 1358 4212 quod
1391 4150 1450 4212 per

195 4230 253 4293 hoc
267 4232 366 4296 dictis
390 4234 539 4314 patronis
562 4234 662 4296 nichil
677 4234 759 4314 juris
781 4246 949 4299 accrescat
965 4234 1016 4298 vel
1033 4235 1204 4298 decrescat
1219 4233 1261 4297 ad
1280 4233 1447 4297 residuum

196 4336 328 4400 ecclesie
344 4336 492 4420 predicte
508 4338 541 4400 in
558 4338 699 4420 propriis
715 4339 829 4401 usibus
844 4338 1074 4421 optinendum.

197 4638 323 4707 [Stephen
340 4641 374 4694 de
395 4641 563 4702 Wimburne‚
580 4642 748 4705 sub-deam,
762 4642 911 4710 presented
927 4643 961 4710 by
978 4641 1069 4710 Hugh
1086 4640 1119 4693 de
1138 4641 1327 4693 Mortuoman'
1341 4643 1417 4709 aster
1431 4658 1449 4693 a

255 4724 363 4792 mure
373 4725 457 4777 aborrt
466 4726 511 4777 the
516 4730 683 4794 patronage.
695 4727 721 4778 is
730 4726 876 4779 imitated
883 4730 912 4778 to
922 4726 967 4779 tire
978 4726 1078 4779 chrrrclr
1091 4726 1126 4793 os
1140 4725 1164 4777 C
1162 4724 1290 4792 lipsiam,
1304 4724 1448 4793 Rutland]

280 4836 752 4919 mmmmm-Stephanus
775 4836 818 4900 de
842 4836 1048 4911 Wimburne‚
1067 4836 1299 4911 subdiaconus
1316 4855 1448 4917 presen-

198 4945 281 5000 tatus
310 4960 370 5021 per
403 4939 584 5023 Hugonem
615 4940 657 5004 de
690 4941 918 5016 Mortuomari‚
950 4940 1099 5017 militem,
1129 4938 1171 5002 ad
1202 4939 1376 5002 ecclesiam
1407 4938 1449 5002 de

200 5038 400 5124 Rilpesham
428 5043 515 5106 sacta
545 5046 636 5127 prius
666 5046 880 5127 inquisitione
910 5065 969 5127 per
991 5045 1029 5126 J.,
1055 5042 1337 5107 Archidiaconum
1364 5042 1449 5106 Nor-
