3609 5642
287 570 327 618 12
632 548 768 621 Rotnlz'
784 547 961 646 Hngonis
978 548 1022 620 d
1048 546 1180 669 Welles

280 790 446 867 clericum,
458 790 502 854 ad
517 788 658 853 eandem
675 789 849 854 ecclesiam
864 799 1147 872 presentaverunt
1183 788 1239 851 Ad
1252 789 1534 872 presentationem

280 895 380 977 igitur
407 896 552 977 ipsorum
580 894 725 958 Abbatis
747 905 781 959 et
804 905 989 958 conventus
1013 894 1101 958 idem
1127 893 1316 957 Willelmus
1339 893 1369 958 le
1394 895 1535 957 Kenteis

279 997 321 1061 ad
339 998 501 1081 prefatam
518 999 692 1062 ecclesiam
709 1018 785 1061 cum
802 999 1011 1081 pertinentiis
1032 999 1099 1061 suis
1120 997 1286 1061 admissus
1309 1009 1369 1073 est,
1384 1009 1419 1060 et
1442 999 1476 1060 in
1495 1019 1535 1060 ea

280 1104 439 1167 canonice
456 1123 597 1185 persona
613 1103 793 1179 institutus,
809 1102 902 1166 salva
917 1103 1015 1166 dictis
1031 1102 1157 1165 Abbati
1173 1112 1208 1165 ct
1226 1102 1405 1166 conventui
1421 1101 1535 1165 debita

278 1216 314 1271 et
333 1208 472 1289 antiqua
495 1207 656 1289 pensione
674 1205 717 1270 de
736 1206 855 1270 eadem
875 1207 1023 1270 ecclesia
1071 1206 1115 1269 Et
1135 1206 1323 1287 injunctum
1342 1215 1394 1270 est
1416 1205 1534 1269 Archi-

278 1309 420 1374 diacono
437 1309 559 1386 Oxon’,
574 1320 635 1374 etc.
682 1309 808 1374 Actum
824 1320 924 1374 sexto
941 1309 1114 1374 Kalendas
1130 1309 1296 1374 Octobris.

366 1471 433 1554 [On
449 1473 502 1535 tlte
515 1472 608 1535 dorse
619 1471 687 1555 :—]

278 1589 443 1658 [Walterde
457 1590 539 1652 Clere,
558 1589 635 1653 clerk,
643 1590 795 1659 presented
808 1590 841 1657 by
857 1590 904 1642 the
920 1591 1010 1644 Abbot
1024 1592 1059 1657 of
1072 1591 1229 1658 Eynstram,
1245 1591 1272 1643 ts
1283 1589 1410 1659 granted
1424 1589 1535 1659 nestody

342 1672 379 1742 of
389 1674 435 1727 the
451 1675 550 1728 clenrclc
568 1674 603 1742 os
610 1675 696 1727 Little
708 1674 873 1743 Rollriglct,·
888 1675 924 1728 he
934 1677 959 1728 is
971 1681 998 1728 to
1009 1675 1039 1727 be
1049 1675 1188 1729 ordctned
1195 1675 1358 1728 suddeacon
1369 1680 1401 1726 at
1412 1675 1458 1727 tlte
1468 1678 1536 1726 next

343 1756 509 1819 ordination,
522 1757 604 1826 being
608 1758 679 1825 first
686 1756 837 1809 examined
845 1757 876 1808 in
886 1758 1029 1826 singing.]

364 1855 882 1941 [ROLLINDRITH].-Custodia
897 1860 1035 1924 ecclesie
1051 1859 1093 1924 de
1111 1860 1335 1923 Rollindrithe
1351 1860 1530 1923 commissa

278 1971 329 2024 est
345 1959 495 2025 Waltero
514 1962 557 2026 de
577 1963 681 2040 Clere,
701 1963 829 2038 cleric0,
849 1963 891 2026 ad
912 1985 987 2028 eam
1008 1985 1066 2047 per
1083 1963 1254 2028 Abbatem
1276 1975 1310 2026 et
1330 1973 1531 2027 conventum

277 2064 320 2127 de
346 2065 527 2131 Einesham
551 2079 751 2151 presentat0,
767 2089 872 2150 usque
895 2067 938 2132 ad
962 2071 1136 2151 proximos
1158 2069 1291 2133 ordines
1311 2078 1387 2151 post
1404 2068 1534 2145 Natale‚

278 2188 367 2231 anno
383 2170 596 2252 pontificatus
612 2172 740 2235 domini
757 2171 850 2248 xiiii0,
866 2183 902 2235 ut
919 2182 999 2236 tunc
1016 2174 1127 2236 veniat
1140 2174 1173 2236 in
1189 2173 1433 2236 subdiaconum
1446 2172 1533 2235 ordi-

278 2271 431 2337 nandus:
456 2277 545 2357 prius
565 2287 678 2340 tamen
702 2276 744 2339 de
767 2288 866 2339 cantu
890 2279 1145 2341 examinandus
1193 2277 1236 2340 Et
1261 2277 1457 2341 mandatum
1481 2287 1534 2341 est

279 2375 528 2442 Archidiacono
548 2379 670 2458 Oxon',
686 2378 776 2462 quod
797 2379 824 2440 si
845 2379 887 2442 ad
909 2380 1016 2444 dictos
1036 2381 1169 2444 ordines
1189 2400 1256 2443 non
1273 2382 1408 2456 venerit,
1426 2381 1534 2464 privet

277 2501 355 2544 cum
371 2482 462 2546 dicta
477 2483 639 2548 custodia.

365 2655 434 2740 [On
450 2657 503 2720 tlte
516 2658 608 2722 dorse
619 2659 688 2743 .·-]

278 2781 385 2850 [Roger
398 2783 432 2836 de
451 2783 651 2848 Thnrbem'lle,
666 2784 743 2846 clerk,
757 2786 781 2838 is
794 2787 884 2854 given
901 2786 948 2838 the
964 2786 1075 2854 enstody
1091 2787 1127 2854 os
1139 2785 1183 2838 the
1200 2786 1302 2839 churcls
1318 2786 1355 2853 of
1368 2786 1533 2856 Odele'ngton

342 2866 418 2918 until
428 2871 495 2918 nect
504 2867 612 2930 Easter,
626 2869 727 2921 within
740 2868 832 2921 which
845 2869 912 2921 time
928 2868 1062 2930 Wlliam,
1075 2884 1125 2920 son
1138 2867 1173 2935 os
1184 2867 1317 2931 Thurald,
1331 2868 1396 2921 who
1407 2868 1533 2921 hasbeen

337 2949 488 3016 presented
495 2956 523 3002 to
534 2951 561 3014 it,
574 2953 600 3003 is
610 2958 638 3005 to
649 2967 722 3004 come
733 2958 761 3004 to
771 2952 875 3005 receive
885 2952 1051 3014 institution,
1064 2952 1096 3019 ts
1101 2951 1135 3004 he
1145 2951 1240 3020 defit]

365 3051 816 3118 OTTINDONE.—Custodia
837 3055 977 3117 ecclesie
1000 3054 1042 3117 de
1066 3053 1254 3118 Ottindone
1277 3055 1457 3118 commissa
1482 3066 1533 3119 est

279 3156 412 3238 Rogero
428 3156 470 3220 de
486 3156 725 3234 Thurberville‚
741 3158 870 3235 clerico,
882 3179 987 3240 usque
1003 3157 1045 3221 ad
1063 3158 1192 3221 Pascha
1207 3179 1296 3220 anno
1312 3158 1533 3241 pontificatus,

278 3268 349 3334 etc,
362 3259 455 3336 xiiii0,
467 3270 501 3324 et
513 3272 651 3326 vocatus
666 3271 718 3326 est
730 3261 920 3325 Willelmus
937 3261 1023 3325 filius
1035 3261 1206 3336 Thuraldi,
1219 3263 1309 3344 prius
1322 3272 1532 3345 presentatus

277 3361 321 3425 ad
354 3362 506 3440 eandem,
537 3375 575 3429 ut
609 3365 740 3429 interim
771 3366 883 3429 veniat
918 3365 1162 3429 institutionem
1198 3385 1302 3441 suam,
1332 3367 1359 3428 si
1393 3366 1533 3430 idoneus

277 3464 384 3544 suerit,
415 3478 606 3550 recepturus
614 3490 621 3546 ;
653 3479 688 3532 et
718 3471 921 3533 constitutus
951 3480 1003 3533 est
1033 3469 1194 3533 terminus
1225 3468 1393 3552 predictus
1422 3469 1531 3534 eidem

276 3571 528 3653 peremptorius.

369 3731 513 3815 [Return
529 3742 560 3796 to
575 3733 710 3813 thesace
724 3735 824 3814 osthe
841 3735 906 3798 roll
913 3734 982 3818 .·-]

276 3839 425 3909 [Rogerde
439 3840 634 3906 Tnurbelvtllc
647 3843 799 3911 presented
812 3843 845 3912 by
859 3843 1030 3896 Genteschiw
1044 3843 1071 3896 le
1081 3844 1181 3907 Poure,
1194 3842 1376 3896 c'sinstituted
1381 3846 1487 3910 parson
1503 3845 1538 3912 of

344 3921 526 3993 Oddingten]

365 4031 785 4099 OTTINDONE.-Octavo
808 4034 980 4099 Kalendas
1003 4034 1168 4110 Octobris,
1186 4035 1337 4116 Rogerus
1360 4034 1403 4098 de
1424 4034 1532 4098 Thur·

277 4133 418 4213 belville,
448 4135 680 4215 subdiaconus,
711 4148 920 4220 presentatus
951 4160 1010 4222 per
1040 4138 1253 4203 Genteschiw
1283 4139 1314 4202 le
1345 4139 1452 4202 Poure
1488 4138 1531 4202 ad

277 4239 451 4303 ecclesiam
468 4239 510 4302 de
528 4240 723 4317 Ottindone,
739 4241 828 4306 sacta
844 4243 935 4325 prius
951 4243 1165 4325 inquisitione
1178 4263 1236 4325 per
1248 4242 1531 4306 Archidiaconum

278 4342 400 4420 Oxon',
427 4365 486 4427 per
508 4365 619 4427 quam,
645 4355 716 4422 etc,
744 4346 911 4412 admissus
937 4355 997 4422 est,
1021 4357 1055 4410 et
1082 4347 1115 4409 in
1142 4366 1183 4409 ea
1206 4347 1365 4410 canonice
1392 4366 1533 4428 persona

278 4447 457 4511 institutus.
504 4448 550 4511 Et
569 4448 756 4530 injunctum
773 4460 825 4514 est
841 4450 1090 4514 Archidiacono
1106 4459 1151 4526 ut,
1166 4460 1227 4513 etc.

276 4621 431 4690 [Robertde
449 4623 594 4692 Gaeinges,
608 4624 744 4693 chcplain,
753 4625 901 4693 presented
916 4625 949 4693 by
963 4625 1010 4677 tlte
1025 4625 1154 4677 Prioress
1169 4625 1205 4692 os
1220 4623 1335 4692 Gorn'ng,
1348 4625 1374 4676 is
1390 4624 1536 4678 trutinant

341 4707 422 4757 vicar
441 4708 471 4772 os
495 4705 681 4759 Crowmarsh.
719 4707 745 4758 T
742 4707 775 4760 ke
792 4709 924 4775 ve'carage
945 4708 971 4760 is
985 4707 1142 4770 deserete&
1163 4709 1209 4760 the
1225 4707 1333 4774 Br'slaop
1348 4721 1470 4759 reserves
1486 4707 1532 4759 the

341 4787 422 4854 n'gtd
439 4787 475 4854 of
485 4787 646 4856 increasing
663 4789 704 4858 it]

365 4888 782 4972 CROUMERSE.-Quinto
821 4891 995 4954 Kalendas
1035 4890 1244 4968 NovembriS,
1283 4891 1450 4953 Robertus
1488 4888 1530 4951 de

279 4990 451 5074 GaringeS,
471 4993 695 5075 cappellanus,
715 5006 926 5078 presentatus
947 5016 1005 5078 per
1030 4995 1223 5058 Priorissam
1247 5006 1281 5057 et
1305 4993 1465 5056 moniales
1489 4992 1531 5055 de
