3609 5642
330 580 401 669 308
682 578 816 651 Rotule'
831 576 1007 673 Hugone's
1033 579 1077 652 de
1103 578 1236 652 Welles

333 818 614 881 Archidiaconum
637 817 824 895 Leicestrie,
840 839 899 902 per
918 840 1029 902 quam,
1044 828 1115 897 etc,
1130 829 1164 884 et
1185 820 1334 885 Roberto
1354 819 1397 884 de
1414 820 1589 897 Novereia‚

331 922 445 994 milite,
472 932 506 985 et
534 921 712 997 Willelm0,
738 922 867 998 cleric0,
895 932 1086 1006 presentato
1113 924 1156 987 ad
1187 924 1340 1002 eandem,
1370 924 1589 1006 appellationi

331 1046 432 1109 quam
450 1047 509 1109 pro
528 1048 564 1090 se
584 1027 850 1109 interposuerant
869 1048 1030 1109 expresse
1050 1028 1327 1105 renuntiantibus,
1347 1048 1499 1111 perque,
1519 1035 1590 1101 etc,

331 1128 373 1193 ad
389 1129 530 1193 eandem
548 1128 712 1192 admissus
728 1139 788 1206 est,
797 1140 858 1194 etc.
907 1130 951 1193 Et
965 1129 1161 1194 mandatum
1174 1142 1225 1194 est
1236 1130 1327 1194 dicto
1340 1130 1590 1194 Archidiacono

332 1244 377 1309 ut,
392 1242 453 1296 etc.

332 1490 466 1559 [Thomas
487 1490 521 1543 de
542 1489 756 1550 Felmereshem.
778 1490 918 1557 chaplain.
937 1491 1086 1558 presented
1105 1491 1138 1559 by
1161 1491 1254 1559 Ralplr
1275 1491 1309 1544 de
1331 1492 1456 1552 Nowers.
1481 1490 1557 1559 ester
1572 1505 1591 1541 a

396 1573 505 1641 despecte
514 1572 597 1624 deut
606 1572 651 1625 tlte
656 1576 819 1640 patronem,
832 1574 857 1624 es
867 1573 1013 1625 irutituted
1023 1578 1049 1625 to
1061 1572 1106 1626 tlte
1116 1572 1217 1627 chrerclr
1229 1574 1264 1641 of
1271 1573 1304 1624 K
1299 1574 1485 1641 nossn'ngton.]

420 1679 925 1749 GNOSSINGTONE.—Th0mas
947 1684 990 1747 de
1015 1684 1274 1762 Felmeresham,
1296 1685 1498 1767 capellanus,
1519 1705 1591 1767 pre-

333 1797 484 1852 sentatus
522 1806 580 1869 per
619 1786 801 1850 Radulium
836 1785 879 1850 de
911 1786 1058 1861 Nowers,
1089 1788 1239 1864 militem,
1269 1787 1312 1851 ad
1343 1788 1517 1852 ecclesiam
1549 1788 1591 1851 de

335 1890 570 1967 Gnossintone,
608 1889 695 1953 facta
733 1890 823 1973 prius
863 1890 1077 1973 inquisitione
1118 1911 1177 1974 per
1216 1892 1265 1969 R.,
1304 1891 1589 1955 Archidiaconum

262 2018 266 2022 ·
335 1994 538 2071 Leircestrie,
564 2004 598 2056 et
625 1994 766 2077 receptis
797 1993 915 2057 litteris
939 1993 1069 2057 'domini
1096 1994 1199 2077 Regis
1224 1996 1473 2059 continentibus
1500 1996 1590 2077 quod

333 2098 422 2161 idem
455 2098 493 2160 R.
525 2117 636 2161 coram
665 2097 856 2178 justiciariis
886 2098 976 2181 apud
1009 2098 1346 2163 Westmonasterium
1385 2100 1591 2182 recuperavit

333 2202 489 2265 seisinam
520 2221 615 2264 suam
645 2200 688 2264 de
718 2200 941 2265 advocatione
967 2201 1057 2266 dicte
1087 2202 1226 2267 ecclesie
1253 2214 1369 2267 contra
1394 2202 1593 2279 Gilbertum,

333 2324 509 2388 personam
534 2303 577 2367 de
602 2304 743 2381 Ocham,
762 2324 820 2386 per
842 2305 983 2368 assisam
1007 2306 1123 2371 ultime
1147 2308 1412 2389 presentationis,
1435 2327 1590 2389 perque,

332 2419 403 2486 etc,
422 2407 465 2472 ad
485 2407 627 2471 eandem
651 2407 817 2471 admissus
836 2419 896 2484 est,
916 2420 986 2487 etc,
1006 2431 1081 2473 curn
1103 2430 1203 2474 onere
1222 2422 1256 2475 et
1277 2431 1364 2493 pena
1384 2412 1590 2474 vicariorum.

334 2514 380 2575 Et
396 2512 592 2575 mandatum
609 2523 660 2576 est
676 2512 768 2575 dicto
784 2512 1034 2576 Archidiacono
1050 2524 1096 2588 ut,
1111 2522 1173 2577 etc.

332 2846 444 2913 [Simon
454 2845 489 2898 de
499 2844 665 2904 Btnkeville.
672 2843 841 2904 sub-deacon,
848 2845 999 2912 presented
1006 2844 1040 2915 by
1047 2846 1092 2899 tlte
1101 2846 1189 2899 Prior
1198 2846 1258 2899 and
1266 2846 1589 2916 ConventofDeventry‚

396 2927 566 2990 Nortleants„
579 2928 604 2978 is
614 2926 760 2979 instituted
769 2931 797 2978 to
808 2926 854 2979 tlte
863 2926 965 2981 church
977 2929 1013 2995 of
1022 2928 1160 2997 Gentes]

419 3037 851 3103 GUTMUNDEL'.-Simon
868 3036 912 3100 de
929 3036 1124 3117 Blukeville‚
1137 3038 1371 3115 subdiaconus
1382 3048 1590 3121 presentatus

334 3165 392 3227 per
409 3143 554 3206 Priorem
573 3152 608 3205 et
626 3151 829 3206 conventum
851 3142 894 3205 de
912 3142 1099 3207 Daventria
1114 3142 1157 3205 ad
1173 3143 1348 3206 ecclesiam
1365 3143 1408 3207 de
1424 3143 1589 3207 Gutmun·

332 3248 415 3323 dele,
427 3246 515 3310 iacta
531 3247 621 3330 prius
638 3245 853 3328 inquisitione
870 3265 928 3327 per
945 3246 994 3322 R„
1007 3245 1292 3310 Archidiaconum
1312 3247 1517 3323 Leircestrie,
1534 3267 1590 3329 per
1665 3320 1669 3326 ¹

332 3371 443 3433 quarn,
458 3361 529 3427 etc,
545 3350 587 3414 ad
609 3349 750 3413 eandem
773 3350 944 3413 admissus
963 3359 1023 3423 est,
1034 3360 1095 3413 etc.
1143 3350 1188 3414 Et
1208 3349 1405 3413 mandatum
1425 3362 1478 3414 est
1500 3350 1590 3414 dicto

334 3454 581 3518 Archidiacono
597 3464 643 3530 ut,
658 3463 718 3516 etc.

334 3710 509 3777 [Alexander
528 3712 562 3763 de
586 3711 683 3781 Teney‚
701 3711 869 3774 nebeteacon,
887 3725 920 3763 as
944 3710 978 3762 ke
994 3717 1100 3773 asserts,
1114 3712 1264 3778 presented
1286 3712 1319 3781 by
1344 3712 1390 3764 tlte
1406 3711 1519 3764 Master
1533 3711 1592 3763 and

399 3792 536 3845 Bretleren
547 3795 583 3861 of
588 3792 629 3845 St.
642 3793 767 3846 Insanes
778 3795 814 3861 ef
820 3792 936 3855 Bnrton,
946 3794 971 3844 is
981 3792 1128 3845 instituted
1136 3796 1163 3845 to
1172 3792 1218 3845 the
1229 3792 1330 3845 cheerclr
1346 3795 1382 3861 of
1388 3792 1539 3860 Lowesby]

423 3903 815 3987 musenim-Magister
845 3901 1044 3967 Alexander
1074 3902 1117 3966 de
1147 3902 1276 3985 Taney,
1299 3902 1524 3966 subdiaconus
1556 3911 1589 3965 ut

334 4008 423 4084 dicit,
439 4017 648 4089 presentatus
672 4028 731 4090 per
752 4008 952 4091 Magistrum
976 4017 1010 4070 et
1035 4006 1150 4071 fratres
1175 4007 1290 4072 Sancti
1309 4006 1425 4071 Lazari
1442 4007 1485 4072 de
1509 4008 1588 4072 Bur·

335 4122 414 4174 tone
429 4109 472 4173 ad
488 4110 661 4174 ecclesiam
678 4111 721 4174 de
739 4110 905 4192 Louseby‚
923 4110 1009 4173 sacta
1026 4112 1116 4193 prius
1134 4110 1348 4193 inquisitione
1366 4130 1424 4193 per
1437 4111 1498 4188 W„
1511 4120 1589 4173 tunc

336 4213 619 4277 Archidiaconum
645 4213 848 4290 Leircestrie,
864 4219 936 4296 ‘per
957 4233 1069 4295 quam,
1097 4222 1168 4290 etc,
1192 4212 1236 4276 ad
1259 4213 1400 4277 eandem
1425 4213 1590 4277 admissus

336 4328 395 4394 est,
410 4328 471 4380 etc.
519 4316 565 4379 Et
580 4315 777 4379 mandatum
793 4327 845 4380 est
862 4318 911 4393 R.‚
928 4316 1175 4380 Archidiacono
1193 4316 1381 4394 Leicestrie,
1397 4325 1442 4393 ut,
1454 4326 1516 4381 etc.

336 4650 421 4714 [loten
432 4649 467 4701 de
474 4648 627 4711 Lindstedq
635 4648 804 4712 simeron,
812 4650 960 4716 presented
968 4650 1053 4717 hythe
1060 4649 1213 4703 Pnbrand
1221 4648 1387 4717 Conventeff
1394 4648 1500 4706 Leedes.
1509 4648 1589 4708 Kent.

401 4732 427 4783 e's
437 4731 581 4783 instituted
589 4736 616 4783 to
626 4747 644 4782 a
651 4730 767 4799 mediety
777 4734 811 4800 os
819 4732 864 4784 the
871 4731 971 4785 churclr
983 4732 1018 4800 os
1025 4731 1169 4784 Hallaton.
1203 4731 1231 4783 Α
1239 4731 1357 4798 penst'on
1368 4731 1405 4799 cp*
1410 4729 1504 4798 belsa
1512 4730 1592 4782 mark

401 4814 426 4865 is
436 4814 569 4865 reserved
576 4818 604 4865 to
615 4813 659 4865 the
670 4813 806 4882 convent]

425 4924 637 4988 HALCTONE
654 4924 1071 5007 MEDIETAs.—Johannes
1086 4924 1129 4988 de
1147 4922 1340 4999 Lindstede,
1356 4920 1589 4997 subdiaconus,

334 5036 543 5113 presentatus
566 5049 625 5110 per
649 5028 795 5091 Priorem
818 5039 853 5093 et
876 5040 1078 5093 conventum
1103 5028 1145 5093 de
1172 5027 1279 5092 Ledes
1303 5025 1346 5091 ad
1371 5024 1586 5091 medietatem
