3609 5642
339 557 384 648 78
693 557 830 631 Rotulz'
844 557 1021 654 Hugonz's
1039 556 1083 630 de
1109 555 1241 631 Welles

866 710 1220 718 -—.--—.-...—..-—-
1252 711 1271 716 ψ
1286 711 1385 716 .-..--
1408 713 1446 717 -.-
1466 713 1501 718 ..-
1556 713 1592 720 ...-

333 792 461 861 [Hamon
475 793 510 846 de
527 793 664 854 Stoktone,
676 794 783 857 deacon,
799 794 948 862 presented
964 793 997 862 by
1016 793 1122 846 Ge'lbert
1130 793 1290 857 Passelewe,
1308 795 1334 846 ir
1350 793 1496 847 instituted
1510 798 1538 846 to
1548 794 1594 848 the

399 874 501 928 chnrch
512 876 548 943 os
558 874 740 940 Wavendone,
754 874 823 928 void
831 875 863 944 by
874 875 920 928 the
931 875 1103 943 resignation
1114 876 1150 943 os
1158 874 1269 928 Gilbert.
1304 874 1418 928 Hermon
1429 876 1455 927 is
1465 875 1595 944 enjoined

397 955 621 1023 tostudyandto
632 955 918 1025 ermensende]
1425 1002 1429 1008 .

421 1073 848 1139 WAVENDONE.-Hamo
885 1074 928 1138 de
967 1074 1142 1152 Stoktone,
1173 1073 1342 1151 diaconus,
1380 1085 1590 1158 presentatus

333 1177 520 1242 Gilbertum
546 1179 730 1242 Passelewe
753 1178 796 1241 ad
822 1179 997 1242 ecclesiam
1020 1178 1063 1243 de
1086 1179 1314 1255 Wavendone‚
1329 1190 1508 1243 vacantem
1533 1200 1591 1262 per

331 1282 591 1364 resignationem
607 1281 758 1362 ejusdem
783 1282 934 1358 Gilberti,
949 1281 1006 1364 qui
1030 1302 1105 1345 eam
1121 1282 1241 1345 ultimo
1256 1283 1372 1359 tenuit,
1388 1282 1478 1346 sacta
1500 1282 1590 1366 prius

332 1385 546 1467 inquisitione
562 1405 621 1467 per
638 1385 694 1462 M,
710 1385 997 1448 Archidiaconum
1015 1385 1382 1468 Bukynghamiensem,
1397 1406 1457 1468 per
1478 1406 1591 1468 quam,

330 1499 402 1565 etc,
417 1488 460 1552 ad
483 1488 627 1552 eandem
650 1489 816 1552 admissus
840 1499 901 1566 est,
916 1499 987 1566 etc,
1003 1499 1037 1581 et
1062 1489 1259 1553 mandatum
1282 1500 1334 1554 est
1356 1489 1447 1554 dicto
1471 1490 1590 1554 Archi·

330 1593 473 1657 diacono
490 1601 535 1669 ut,
549 1603 610 1656 etc.
658 1593 812 1657 Preterea
827 1591 1016 1674 injunctum
1032 1602 1084 1657 est
1100 1591 1209 1656 eidem
1229 1592 1377 1656 Hamoni
1394 1593 1458 1657 sub
1474 1594 1589 1659 debito

309 1727 311 1732 2
328 1695 509 1777 juramenti
525 1697 654 1778 prestiti
670 1695 760 1778 quod
777 1695 930 1760 addiscat
945 1707 979 1760 et
995 1696 1103 1759 scolas
1120 1695 1314 1778 frequentet

331 1882 443 1951 [Robert
452 1883 486 1936 de
498 1882 628 1951 Raleglee,
642 1882 812 1942 sub-deacon,
824 1884 850 1934 is
860 1882 1007 1936 instituted
1015 1888 1042 1935 to
1052 1882 1098 1935 tlte
1111 1882 1211 1935 chureii
1223 1883 1259 1951 os
1266 1882 1367 1936 Mansit
1383 1883 1487 1937 Gibbon
1497 1900 1535 1937 on
1546 1884 1590 1938 the

390 1967 580 2033 presentation
592 1968 622 2033 os
634 1964 679 2017 the
689 1964 779 2017 Abbot
788 1966 850 2018 and
860 1964 988 2018 Convent
996 1965 1031 2033 of
1040 1966 1173 2026 Grestee're,
1182 1965 1247 2017 wito
1258 1964 1317 2017 had
1325 1965 1472 2018 recovered
1484 1965 1532 2020 tlte
1541 1967 1589 2019 ad·

395 2062 510 2100 voroson
511 2048 594 2116 from
606 2046 705 2098 Warin
714 2045 1039 2100 BassetandKatherine
1048 2046 1173 2114 kiswese.
1197 2046 1253 2099 Tite
1261 2045 1591 2116 Kingdsletterdirecting
1700 2072 1703 2074 ’

394 2127 439 2180 tlte
449 2127 556 2196 Biskop
563 2126 688 2180 wadndt
695 2125 740 2179 tlte
746 2126 857 2180 Abbots
867 2128 994 2180 nominee
1002 2129 1027 2180 is
1035 2127 1141 2190 recited
1150 2127 1591 2199 andisdatedoFebruaryrajoJ

420 2245 775 2311 MERSE.-Robertus
798 2245 842 2310 de
865 2245 1026 2328 Raleghe,
1049 2245 1282 2323 subdiaconus,
1299 2256 1509 2328 presentatus
1533 2269 1591 2330 per

332 2349 503 2414 Abbatem
534 2359 568 2413 et
598 2358 799 2413 conventum
831 2348 873 2412 de
904 2348 1090 2432 Grestenge
1120 2348 1162 2412 ad
1193 2348 1369 2413 ecclesiam
1397 2349 1440 2413 de
1471 2351 1590 2430 Messe,

330 2454 472 2536 receptis
494 2453 612 2517 litteris
635 2452 763 2515 domini
784 2452 887 2534 Regis
911 2453 944 2514 in
968 2452 1030 2515 hec
1053 2452 1177 2515 verba:
1204 2452 1380 2531 Henricus,
1397 2452 1462 2518 Dei
1484 2456 1591 2538 gratia

331 2557 417 2634 Rex,
442 2566 503 2621 etc.
550 2556 722 2638 Episcopo
754 2555 990 2631 Lincolniensi‚
1015 2564 1077 2619 etc.
1124 2554 1307 2619 Ostensum
1335 2567 1387 2620 est
1416 2558 1514 2621 nobis
1544 2580 1588 2624 ex

330 2671 424 2743 parte
451 2659 595 2723 Abbatis
622 2659 664 2723 de
689 2659 855 2741 Gresteng
880 2657 1071 2739 quodcum
1098 2659 1168 2741 ipse
1195 2668 1308 2723 teneat
1333 2662 1520 2725 manerium
1545 2663 1588 2726 de

332 2765 465 2828 Mershe
481 2784 558 2827 cum
574 2763 795 2827 advocatione
809 2762 948 2826 ecclesie
962 2761 1114 2842 ejusdem
1131 2764 1269 2825 manerii
1286 2773 1319 2825 et
1336 2764 1493 2828 omnibus
1511 2765 1586 2828 aliis

330 2868 539 2949 pertinentiis
555 2867 632 2942 suis,
647 2864 738 2948 quod
755 2865 940 2928 manerium
957 2863 1114 2928 Warinus
1132 2864 1250 2928 Bassct
1264 2876 1299 2928 et
1317 2865 1489 2945 Katerina‚
1504 2889 1591 2932 uxor

330 2970 412 3051 ejus,
435 2971 468 3034 in
492 2971 582 3034 curia
605 2980 719 3033 nostra
745 2989 857 3032 coram
882 2968 1080 3050 Justiciariis
1104 2969 1227 3032 nostris
1251 2969 1341 3050 apud
1359 2969 1589 3036 Westmonas-

330 3075 449 3139 terium
467 3085 586 3158 petunt
608 3094 722 3138 versus
745 3072 889 3136 eundem
914 3071 1096 3148 Abbatem,
1112 3081 1149 3135 ut
1168 3071 1223 3154 jus
1240 3073 1343 3155 ipsius
1369 3073 1541 3152 Katerine,
1556 3085 1590 3140 et

328 3177 486 3241 clericum
502 3197 599 3240 suum
616 3177 713 3239 nobis
729 3175 969 3258 presentaverit
985 3174 1028 3238 ad
1044 3173 1186 3238 eandem
1210 3175 1396 3254 ecclesiam,
1411 3197 1477 3258 que
1493 3189 1590 3242 vacat

328 3292 366 3345 ut
381 3280 510 3357 dicitur,
527 3280 615 3343 idem
633 3279 789 3342 Warinus
805 3288 839 3342 et
857 3277 1019 3340 Katerina
1043 3277 1199 3340 clericum
1222 3298 1319 3340 suum
1338 3278 1433 3342 nobis
1457 3301 1589 3363 presen-

329 3395 483 3448 taverunt
499 3383 541 3447 ad
558 3383 700 3447 eandem
711 3382 895 3458 ecclesiam,
905 3380 1034 3445 desicut
1050 3400 1116 3443 non
1133 3382 1256 3444 suntin
1273 3382 1396 3445 seisina
1411 3383 1453 3447 de
1468 3384 1588 3448 eodem

328 3488 477 3550 manerio
493 3506 554 3550 nec
570 3486 613 3549 de
629 3485 794 3568 aliquibus
810 3483 962 3566 ejusdem
974 3485 1112 3548 manerii
1126 3486 1334 3566 pertinentiis
1348 3507 1355 3561 ;
1371 3496 1406 3550 et
1422 3498 1589 3568 presenta-

327 3593 454 3657 tionem
472 3590 611 3673 predicti
628 3589 773 3652 Abbatis
787 3588 975 3670 impediunt
985 3589 1071 3651 sicut
1081 3587 1249 3670 predictus
1262 3588 1419 3653 Warinus
1431 3592 1590 3673 cognovit

328 3714 434 3776 nuper
456 3713 568 3756 coram
594 3692 730 3775 prefatis
752 3691 949 3773 Justiciariis
973 3692 1094 3754 nostris
1121 3690 1212 3772 apud
1242 3691 1589 3758 westmonasterium.

330 3799 374 3862 Et
390 3798 469 3879 quia
484 3805 617 3859 constat
633 3795 728 3858 nobis
744 3792 835 3877 quod
852 3793 993 3876 predicti
1018 3793 1174 3856 Warinus
1189 3802 1223 3856 et
1248 3793 1411 3857 Katerina
1426 3816 1495 3858 non
1511 3807 1589 3862 sunt

329 3903 363 3967 in
380 3901 501 3965 seisina
516 3899 559 3963 de
575 3899 726 3982 predicto
742 3898 900 3974 maneri0‚
912 3896 1007 3960 vobis
1023 3895 1223 3960 mandamus
1238 3898 1329 3978 quod
1346 3918 1414 3962 non
1430 3900 1588 3966 obstante

329 4005 566 4070 reclamatione
585 4002 809 4086 predictorum
835 4000 963 4064 Warini
988 4010 1023 4064 et
1047 4000 1213 4088 Katerine
1231 4001 1272 4063 ad
1305 4005 1588 4084 presentationem

328 4109 468 4194 predicti
483 4107 627 4171 Abbatis
641 4106 796 4170 idoneam
810 4125 989 4188 personam
1001 4105 1044 4168 ad
1057 4104 1199 4168 eandem
1210 4105 1384 4168 ecclesiam
1392 4106 1587 4173 admittatis

327 4215 430 4278 Teste
457 4212 490 4277 S.
513 4211 556 4275 de
580 4211 728 4294 Segrave
751 4209 840 4292 apud
866 4209 1201 4273 Westmonasterium
1225 4229 1316 4272 nono
1338 4210 1394 4273 die
1418 4211 1588 4276 Februarii

328 4337 417 4381 anno
434 4316 526 4399 regni
539 4315 643 4378 nostri
656 4324 776 4397 quarto
788 4313 921 4377 decimo
937 4334 944 4389 ;
960 4333 1101 4396 perque,
1117 4307 1192 4389 etc,
1203 4311 1246 4375 ad
1262 4313 1405 4377 eandem
1422 4315 1589 4379 admissus

328 4431 388 4498 est,
414 4429 475 4484 etc.
523 4419 569 4481 Et
593 4417 790 4481 mandatum
818 4426 870 4480 est
901 4416 957 4492 M,
985 4415 1233 4479 Archidiacono
1261 4415 1589 4499 Buckinghamiensi,

329 4535 375 4602 ut,
386 4532 446 4588 etc.

329 4693 442 4764 [Robert
458 4692 493 4744 de
510 4689 708 4759 Beaconsfield.
724 4689 863 4756 chaplain,
879 4705 916 4742 on
934 4688 980 4742 tlte
993 4689 1106 4757 furiare
1123 4689 1160 4756 os
1176 4689 1222 4742 tlte
1239 4691 1364 4756 patrm,
1384 4688 1430 4742 tlte
1452 4689 1538 4744 Nm
1558 4692 1594 4761 os

398 4775 515 4842 Goring,
528 4779 556 4826 to
561 4777 681 4840 present,
694 4772 719 4824 is
729 4771 846 4824 colloted
854 4778 881 4824 to
892 4771 939 4825 tlte
949 4772 1062 4840 vroorge
1072 4772 1108 4840 os
1113 4770 1233 4824 Stanton
1244 4769 1357 4838 Bm]

417 4884 852 4952 STANTONE.—Robertus
868 4883 911 4947 de
935 4882 1185 4959 Bekenesfelde,
1201 4883 1403 4965 capellanus,
1419 4883 1472 4946 cui
1490 4883 1588 4967 Epis·

329 5011 432 5075 copus
444 4989 602 5054 vicariam
613 4988 752 5053 ecclesie
762 4987 804 5051 de
818 4987 984 5053 Stantone
997 4998 1133 5073 propter
1141 4980 1381 5071 negligentiam
1392 4987 1589 5054 monialium
