3609 5642
597 559 775 658 Episcopi
796 560 1083 635 Lincolniensis.
1149 628 1151 631 .
1399 563 1468 656 285

209 802 251 866 ad
266 800 485 866 medietatem
503 800 642 865 ecclesie
662 801 706 865 de
725 803 944 880 Mustertone,
959 802 1048 867 facta
1069 802 1159 886 prius
1178 801 1392 884 inquisitione
1413 822 1473 885 per

211 907 262 983 R,
274 904 464 973 Officialem
485 904 690 983 Leircestrie,
710 904 876 969 admissus
896 916 948 971 est
969 916 1004 971 et
1027 907 1061 970 in
1083 927 1124 970 ea
1147 905 1307 970 canonice
1330 917 1472 989 persona

209 1011 403 1089 institutus;
425 1010 518 1074 salva
541 1011 711 1075 Willelmo
737 1011 780 1075 de
805 1012 1009 1090 Blaculvesl',
1035 1010 1242 1095 cappellam,
1266 1010 1388 1074 vicaria
1411 1030 1471 1073 sua

208 1136 309 1198 quam
330 1115 374 1179 ad
394 1116 676 1198 presentationem
693 1115 773 1180 dicti
794 1116 954 1180 Willelmi
970 1116 1013 1181 de
1033 1116 1199 1199 Neptone,
1215 1136 1365 1199 persone,
1379 1124 1414 1179 et
1429 1114 1472 1177 de

208 1238 373 1282 consensu
388 1218 516 1302 prefate
534 1221 731 1304 Margarete,
747 1230 896 1304 patrone,
911 1220 1013 1285 habet
1029 1222 1063 1283 in
1083 1220 1201 1285 eadem
1218 1242 1225 1297 ;
1249 1220 1305 1302 qui
1321 1219 1472 1297 vicarius,

210 1324 346 1386 nomine
372 1324 492 1387 vicarie
516 1344 575 1387 sue
599 1334 706 1389 totam
726 1325 941 1390 medietatem
967 1325 1054 1389 illius
1080 1325 1219 1389 ecclesie
1244 1323 1381 1401 tenebit,
1400 1322 1472 1386 red·

209 1425 321 1489 dendo
348 1426 426 1491 inde
455 1427 547 1491 dicto
578 1428 748 1492 Willelmo
778 1429 822 1493 de
853 1429 1012 1512 Neptone
1041 1438 1202 1511 tanquam
1234 1448 1375 1511 persone
1404 1437 1472 1491 tres

210 1552 338 1595 marcas
353 1550 482 1595 annuas
498 1533 634 1597 nomine
655 1533 833 1616 pensionis,
849 1531 974 1598 scilicet
991 1534 1108 1616 viginti
1130 1532 1255 1596 solidos
1276 1531 1319 1595 ad
1343 1530 1471 1595 Pascha

208 1644 242 1699 et
263 1635 383 1718 viginti
406 1635 531 1699 solidos
554 1635 596 1699 ad
621 1636 743 1700 festum
768 1636 883 1701 Sancti
910 1636 1092 1700 Michaelis,
1139 1636 1185 1700 Et
1209 1634 1396 1716 injunctum
1420 1644 1472 1698 est

210 1738 353 1804 Officiali
374 1740 530 1821 presenti,
548 1749 609 1803 etc.
657 1740 774 1804 Abbas
794 1752 906 1805 autem
926 1750 961 1805 et
981 1751 1164 1805 conventus
1185 1740 1229 1804 de
1248 1738 1472 1817 Crokesdene,

208 1845 263 1926 qui
280 1844 371 1926 prius
386 1843 646 1908 vendicaverunt
661 1844 723 1907 sibi
736 1844 791 1926 jus
808 1846 840 1908 in
856 1845 975 1910 eadem
993 1845 1181 1922 medietate,
1195 1845 1467 1909 renuntiaverunt

210 1969 267 2031 per
282 1948 410 2011 litteras
425 1968 502 2011 suas
519 1957 672 2030 patentes
691 1948 800 2012 eidem
814 1949 889 2032 juri,
906 1957 1130 2033 protestantes
1150 1950 1183 2011 ln
1204 1948 1331 2011 eisdem
1353 1947 1471 2012 litteris

208 2072 243 2115 se
259 2050 444 2115 reddidisse
452 2051 588 2115 domine
605 2052 795 2135 Margarete
810 2062 935 2117 cartam
953 2072 1047 2116 suam
1060 2071 1161 2135 quarn
1180 2053 1227 2115 eis
1244 2070 1342 2135 super
1351 2050 1469 2115 eadem

209 2164 387 2238 patronatu
403 2154 599 2219 coniecerat.

208 2411 357 2476 [Witlr'ant.
367 2412 506 2480 chaphtis,
517 2412 663 2479 presented
670 2412 703 2478 by
714 2412 759 2465 tlte
770 2412 859 2466 Ahtor
871 2413 932 2467 and
946 2412 1073 2466 Conveni
1086 2413 1122 2480 os
1133 2412 1271 2475 [erasm.
1284 2412 1310 2464 is
1327 2411 1474 2465 instituted

270 2495 397 2563 vetares
408 2494 447 2549 St.
459 2494 600 2559 Nicieotes,
612 2494 751 2548 Leicester.
789 2495 847 2548 Tire
856 2496 989 2564 verarage
999 2497 1024 2548 is
1037 2493 1193 2563 described]

295 2606 460 2671 Vrcnmn
499 2606 683 2671 Eccussm
733 2606 876 2673 Snucrr
925 2606 1116 2671 Nrcnocm
1166 2606 1472 2671 mucescere.-

209 2709 407 2787 Willelmus,
429 2711 654 2793 cappellanus,
677 2720 887 2794 presentatus
918 2731 977 2793 per
1002 2710 1173 2774 Abbatem
1203 2718 1237 2773 et
1268 2720 1470 2774 conventum

207 2813 249 2879 de
273 2814 473 2893 Leircestria
495 2812 538 2877 ad
563 2824 758 2897 perpetuam
775 2815 932 2879 vicariam
956 2814 1094 2878 ecclesie
1118 2813 1234 2878 Sancti
1259 2811 1415 2876 Nicholai
1437 2814 1470 2877 in

209 2920 415 2995 Leircestria,
438 2938 505 3001 que
527 2919 680 2983 consistit
704 2919 738 2981 in
761 2919 912 2983 corredio
935 2917 1105 2983 cotidiano
1129 2918 1226 2982 unius
1255 2918 1408 2981 canonici
1437 2926 1471 2982 et

207 3024 306 3087 unius
327 3023 462 3086 scutarii
486 3022 530 3086 ad
553 3043 639 3106 opus
661 3023 769 3086 clerici
794 3024 854 3099 sui,
874 3033 910 3086 et
933 3022 965 3086 in
990 3022 1108 3104 viginti
1131 3020 1246 3085 solidis
1269 3022 1388 3084 annuis
1411 3042 1471 3105 pro

207 3126 384 3212 stipendiis
406 3126 483 3203 suis,
499 3125 666 3189 admissus
681 3136 734 3191 est
756 3137 790 3190 et
814 3127 847 3191 in
870 3148 911 3191 ea
934 3136 1115 3210 perpetuus
1130 3126 1271 3190 vicarius
1292 3126 1470 3190 institutus.

208 3233 253 3296 Et
268 3240 389 3296 taxata
404 3239 455 3294 est
472 3230 528 3293 illa
543 3230 665 3293 vicaria
681 3250 740 3313 per
755 3229 929 3293 dominum
954 3230 1168 3313 Episcopum.
1216 3229 1287 3292 Nec
1308 3227 1470 3293 habemus

206 3335 284 3401 inde
299 3335 427 3398 litteras
442 3332 672 3415 inquisitionis.

205 3593 323 3663 [Robett.
336 3590 473 3660 chaplain,
481 3590 632 3658 presented
639 3590 672 3658 by
682 3591 728 3644 tite
738 3590 828 3643 Attot
841 3590 902 3642 and
915 3589 1039 3644 Conveni
1052 3590 1088 3659 os
1099 3590 1236 3655 Lee'cesm
1248 3590 1274 3643 is
1288 3588 1433 3643 instituted
1444 3594 1472 3642 to

268 3675 316 3729 tlte
327 3673 428 3727 chureii
438 3674 475 3741 es
486 3672 526 3727 St.
537 3672 628 3736 Peter,
639 3673 790 3742 ler'cesterl

293 3785 481 3850 Eccuusm
491 3784 609 3848 Belum
623 3786 739 3848 Perru
752 3784 1237 3861 Lemcasmra-Robertus,
1246 3781 1470 3865 cappellanus,

206 3899 416 3973 presentatus
433 3910 492 3972 per
504 3889 676 3953 Abbatem
693 3898 728 3952 et
744 3898 946 3953 conventum
964 3888 1006 3953 de
1023 3888 1220 3953 Leircestria
1236 3886 1278 3951 ad
1294 3886 1468 3950 ecclesiam

205 3993 323 4061 Sancti
347 3993 436 4056 Petri
460 3994 494 4055 in
520 3992 728 4069 Leircestria,
744 3991 833 4055 sacta
856 3992 947 4075 prius
970 3992 1184 4074 inquisitione
1207 4011 1266 4074 per
1281 3988 1469 4056 Officialem

206 4097 413 4173 Leircestrie,
428 4106 499 4173 etc,
516 4118 574 4180 per
589 4117 702 4179 quam,
716 4106 787 4169 etc..
803 4095 846 4159 ad
862 4096 1004 4159 eandem
1024 4096 1190 4159 admissus
1208 4104 1268 4172 est,
1282 4103 1343 4159 etc.
1391 4093 1468 4156 Non

205 4202 370 4267 habemus
395 4201 523 4265 litteras
547 4202 773 4284 inquisitionis
798 4202 861 4264 nisi
889 4202 999 4265 vivam
1027 4221 1142 4265 vocem
1175 4199 1344 4266 Officialis.
1391 4197 1468 4260 Non

204 4306 370 4371 habemus
385 4304 513 4369 litteras
529 4305 793 4389 presentationis.

203 4606 347 4676 [Willr'am
358 4605 393 4660 de
402 4606 517 4675 Eytone,
529 4604 667 4672 ctaplain,
675 4605 824 4672 presented
837 4604 870 4673 by
881 4604 927 4658 the
938 4602 1027 4658 Attot
1040 4604 1101 4657 and
1115 4604 1241 4657 Conveni
1252 4602 1288 4670 os
1294 4601 1431 4665 Leicester,
1444 4600 1469 4653 is

267 4687 416 4743 instituted
422 4689 501 4743 vt'cae
510 4689 546 4756 os
557 4688 597 4742 St.
610 4686 760 4752 Michaeis,
773 4687 926 4754 Ler'cester.]

291 4800 456 4865 Vrcnmn
492 4799 635 4864 Snuc‘rr
672 4797 887 4863 Mrcunmrs
924 4794 1391 4863 mesma-Willelmus
1424 4793 1468 4858 de

206 4906 352 4990 Eytone,
384 4904 611 4989 cappellanus,
649 4914 861 4988 presentatus
898 4923 957 4986 per
992 4901 1161 4965 Abbatem
1195 4910 1230 4965 et
1265 4910 1465 4963 conventum

205 5008 403 5075 Leircestrie
433 5006 476 5072 ad
507 5019 702 5091 perpetuam
728 5009 885 5073 vicariam
916 5007 1054 5071 ecclesie
1085 5004 1199 5071 Sancti
1233 5002 1406 5076 Michaelis
1432 5002 1466 5065 in
