3609 5642
585 562 764 659 Episcopi
786 561 1069 635 Lincolnz’emzt.
1389 572 1458 653 207

198 800 346 863 caritatis
365 821 408 863 ea
427 800 525 863 valde
546 801 715 864 meritoria
734 810 933 884 reputantur
951 820 1016 883 que
1037 800 1092 883 p'ia
1111 800 1291 865 devotione
1311 798 1459 863 fidelium

199 904 239 967 ad
255 904 453 987 pupplicam
470 904 687 968 conseruntur
702 896 891 981 utilitatem,
906 905 1158 969 universitatem
1176 914 1321 968 vestram
1342 925 1460 986 rogan-

199 1008 275 1071 dam
302 1006 476 1082 duximus,
501 1009 704 1071 monendam
732 1020 767 1072 et
791 1006 1039 1072 exhortandam
1066 1009 1098 1071 in
1122 1008 1279 1085 Domine,
1304 1009 1462 1089 quatinus

199 1132 273 1173 curn
289 1132 351 1173 vos
373 1131 434 1193 per
453 1121 590 1193 pontem
615 1112 658 1175 de
681 1112 871 1194 Trapstone
894 1112 1071 1175 transitum
1090 1110 1197 1175 iacere
1216 1111 1401 1193 contigerit,
1418 1110 1460 1174 ad

199 1216 483 1278 constructionem
507 1224 541 1278 et
564 1216 853 1279 conservationem
876 1214 1028 1296 ejusdem
1052 1215 1095 1279 de
1118 1215 1214 1277 bonis
1232 1215 1327 1278 vobis
1346 1236 1366 1277 a
1387 1214 1462 1278 Deo

199 1319 329 1384 collatis
345 1319 473 1402 aliquid
490 1320 746 1384 misericorditer
760 1321 912 1401 erogetis
960 1320 1032 1383 Nos
1049 1330 1161 1383 autem
1178 1318 1221 1382 de
1238 1319 1463 1382 misericordia

200 1424 264 1487 Dei
280 1422 489 1486 confidentes
510 1424 666 1486 omnibus
686 1434 799 1487 nostre
818 1423 960 1487 diocesis
979 1434 1013 1487 et
1036 1422 1118 1498 aliis
1134 1442 1276 1505 quorum
1293 1421 1461 1486 diocesani

200 1528 285 1590 hanc
302 1538 452 1591 nostram
469 1526 712 1591 relaxationem
730 1537 836 1590 ratam
853 1527 1040 1603 habuerint,
1051 1547 1109 1609 per
1122 1525 1309 1609 predictum
1323 1535 1461 1608 pontem

200 1631 452 1695 transeuntibus
473 1640 508 1694 et
526 1631 727 1695 elemosinas
747 1630 873 1694 ibidem
894 1632 948 1714 pie
971 1630 1228 1706 conserentibus,
1248 1629 1409 1693 confessis
1429 1638 1462 1693 et

201 1756 277 1799 vere
292 1736 531 1818 penitentibus,
540 1736 583 1799 de
600 1737 751 1818 injuncta
766 1736 829 1799 sibi
845 1736 1031 1819 penitentia
1043 1734 1160 1799 decern
1173 1734 1246 1799 dies
1263 1733 1463 1809 relaxamus,

202 1841 424 1903 concedentes
450 1840 534 1904 hanc
560 1851 673 1905 nostre
700 1842 918 1905 relaxationis
942 1841 1089 1925 graciam
1118 1860 1177 1923 per
1204 1859 1307 1902 unum
1337 1858 1462 1902 annum

201 1944 406 2020 duraturam,
436 1954 470 2008 et
502 1944 716 2027 prohibentes
747 1965 789 2008 ne
819 1946 957 2008 nuntius
988 1945 1039 2008 vel
1072 1944 1261 2027 predicator
1291 1962 1367 2005 cum
1392 1942 1462 2004 hiis

203 2047 318 2111 litteris
342 2048 465 2110 nostris
490 2048 683 2129 patentibus
708 2049 862 2112 mittatur
886 2047 929 2111 ad
955 2048 1122 2130 predictas
1147 2046 1349 2110 elemosinas
1371 2044 1462 2108 colli-

199 2152 336 2233 gendas
386 2152 476 2214 Data
504 2171 563 2234 per
591 2171 727 2215 manum
750 2151 914 2233 Johannis
936 2151 980 2215 de
1005 2152 1161 2215 Tantone
1184 2150 1348 2233 capellani
1372 2150 1462 2233 apud

201 2256 397 2319 Alnestowe
412 2266 532 2337 quarto
547 2275 654 2318 nonas
671 2256 816 2337 Augusti
832 2275 923 2319 anno
939 2253 1153 2338 pontificatus
1170 2256 1274 2320 nostri
1292 2276 1345 2318 xv.

201 2527 271 2595 [The
282 2526 441 2579 institution
452 2526 488 2594 os
500 2525 621 2578 Thomas
631 2525 665 2577 dc
676 2526 776 2577 Insula
787 2530 814 2579 to
825 2526 870 2578 tlte
878 2526 1011 2593 vicarage
1018 2526 1054 2595 of
1059 2524 1229 2587 Brocchum·
1245 2526 1321 2594 Aug.
1330 2542 1369 2591 ²7.
1381 2544 1445 2590 1224
1450 2544 1464 2591 ,-

264 2625 308 2661 sec
314 2614 346 2677 p.
359 2612 428 2672 na]

290 2719 460 2782 errsss
495 2700 692 2801 Jouiurus
727 2718 1087 2797 assent-Omnibus,
1111 2728 1174 2783 etc.
1222 2718 1360 2783 Noverit
1391 2721 1462 2782 uni-

202 2824 340 2885 versitas
364 2832 474 2885 vestra
498 2841 559 2883 nos
582 2820 624 2884 ad
649 2822 932 2904 presentationem
956 2821 1068 2885 dilecti
1093 2820 1150 2885 filii
1175 2822 1339 2904 Johannis
1365 2822 1462 2886 Wak’

203 2946 343 3009 persone
366 2925 505 2988 ecclesie
527 2925 569 2989 de
594 2924 744 2989 Brochol'
769 2925 892 2988 saetam
918 2925 960 2990 de
987 2946 1151 2990 consensu
1180 2928 1300 2990 l'rioris
1324 2938 1358 2991 et
1385 2947 1463 2990 con·
1528 2984 1533 2993 .

204 3039 322 3093 ventus
361 3029 404 3092 de
440 3028 638 3093 Brummore
675 3028 833 3092 dilectum
873 3029 906 3091 in
945 3028 1079 3093 Christo
1117 3029 1220 3093 filium
1262 3030 1461 3113 Magistrum

203 3132 370 3196 Thomam
401 3132 444 3195 de
478 3132 603 3208 lnsula,
625 3131 792 3207 clericum,
816 3131 858 3195 ad
890 3144 1085 3216 perpetuam
1119 3134 1221 3216 ipsius
1251 3134 1390 3197 ecclesie
1419 3133 1462 3197 de

204 3236 355 3299 Brochol’
381 3237 537 3299 vicariam
570 3236 745 3299 admisisse
775 3237 953 3319 ipsumque
983 3237 1014 3299 in
1047 3258 1087 3301 ea
1117 3239 1276 3301 canonice
1303 3238 1461 3301 vicarium

203 3350 402 3424 perpetuum
424 3340 615 3417 instituisse,
630 3341 686 3422 qui
709 3350 815 3405 totam
839 3342 946 3424 ipsam
966 3341 1140 3405 ecclesiam
1158 3341 1285 3405 tenebit
1301 3341 1461 3424 quamdiu

202 3445 334 3521 vixerit,
364 3442 537 3507 reddendo
568 3443 646 3507 inde
675 3443 767 3508 dicto
796 3444 824 3525 J.
855 3454 890 3507 et
928 3445 1173 3508 successoribus
1211 3446 1279 3507 suis
1310 3445 1461 3526 ejusdem

202 3549 340 3613 ecclesie
366 3548 517 3630 personis
544 3546 628 3611 duas
656 3568 784 3611 marcas
811 3549 994 3611 annuatim.
1042 3549 1087 3611 Et
1112 3550 1155 3624 in,
1177 3559 1239 3613 etc.
1288 3550 1378 3612 Data
1405 3571 1464 3632 per

204 3672 340 3715 manum
353 3650 517 3732 Johannis
530 3649 573 3714 de
585 3651 720 3715 Tanton
737 3650 925 3733 cappellani
942 3652 1032 3733 apud
1045 3651 1241 3734 Spaldewic,
1253 3652 1283 3714 vi
1302 3651 1463 3716 kalendas

204 3754 414 3837 Septembris
430 3753 645 3836 pontificatus
661 3754 765 3817 nostri
782 3774 871 3816 anno
888 3776 942 3816 xv,

289 3962 461 4025 errsna
484 3963 635 4025 Puronrs
652 3961 1105 4039 molinons—Omnibus,
1121 3973 1181 4025 etc.
1230 3963 1368 4026 Noverit
1392 3966 1463 4026 oni-

202 4066 340 4127 versitas
360 4075 471 4128 vestra
490 4085 551 4127 nos
567 4065 610 4128 de
629 4084 794 4128 consensu
817 4066 937 4127 Prioris
958 4076 991 4127 et
1011 4077 1195 4130 conventus
1208 4065 1251 4129 de
1267 4066 1465 4130 Brummore

202 4167 241 4230 ad
265 4170 551 4250 presentationem
567 4168 680 4232 dilecti
704 4167 760 4231 filii
776 4169 940 4250 Johannis
965 4168 1081 4231 Wack'
1098 4190 1237 4253 persone
1260 4171 1398 4233 ecclesie
1421 4171 1463 4234 de

204 4270 355 4335 Brochol'
376 4271 535 4335 dilectum
557 4273 589 4335 in
607 4271 741 4336 Christo
758 4271 861 4335 filium
882 4273 1081 4355 Magistrum
1099 4274 1266 4336 Thomam
1280 4276 1323 4337 de
1343 4276 1463 4351 lnsula,

202 4386 269 4452 etc,
285 4388 324 4439 ut
340 4395 441 4457 supra
458 4377 489 4438 in
506 4386 598 4440 carta
613 4376 777 4459 proxima.

204 4621 274 4686 [The
284 4621 396 4688 Bislwp
403 4622 488 4691 gr'ves
493 4622 661 4689 permissrou
677 4621 739 4673 llio!
751 4622 902 4675 collectiores
915 4622 1018 4675 should
1023 4622 1057 4675 'be
1068 4622 1149 4675 rnarle
1165 4624 1195 4674 in
1207 4622 1252 4674 tlte
1262 4623 1464 4693 arcladeacomy

256 4706 312 4774 for
321 4705 368 4757 tlte
377 4704 510 4773 building
519 4706 551 4772 of
566 4704 710 4773 Saltsbury
722 4705 877 4765 Caracal,
889 4705 1059 4774 andgranls
1069 4723 1087 4757 o
1098 4707 1252 4759 relaxatrhn
1264 4708 1300 4773 of
1309 4724 1342 4757 20
1353 4706 1422 4775 cloys
1432 4708 1469 4776 os

258 4792 386 4854 penauce
396 4791 424 4839 to
433 4786 476 4839 all
485 4786 550 4838 wlco
561 4786 711 4839 contribule
717 4804 730 4847 ,·
748 4786 803 4839 Oct.
816 4804 838 4848 a,
853 4788 938 4855 1224]

288 4896 395 4979 Hugo
421 4896 485 4959 Dei
511 4897 619 4979 gratia
645 4896 887 4961 Lincolniensis
909 4898 1097 4981 Episcopus
1120 4896 1250 4961 dilectis
1272 4897 1305 4959 in
1328 4896 1475 4963 Christo·

205 4997 275 5061 liliis
299 4999 549 5064 Archidiacono
575 4999 843 5083 Norhamptonie
873 5010 907 5065 et
942 5000 1094 5076 Officiali,
1125 5000 1269 5079 decanis,
1302 5004 1461 5083 personis,
