3609 5642
562 544 740 639 Episcopi
763 541 1045 616 Lz'ncolnz'cnsz‘s.
1365 561 1433 627 129

180 779 321 846 [Nr'clrolnr
331 778 366 832 de
382 778 531 848 Stansord,
543 779 682 846 chaplain,
693 779 719 830 is
734 777 880 831 instituted
895 784 922 830 to
938 777 984 830 tire
994 777 1143 845 perpetual
1156 777 1287 842 vicarnge
1303 774 1338 841 os
1350 771 1434 825 Little

237 861 414 929 Addr'ngton,
437 877 473 914 on
496 861 541 915 the
557 861 747 928 presentatbn
769 859 805 926 os
817 859 862 912 tire
884 859 974 912 Abbot
993 859 1054 912 and
1081 858 1207 910 Convent
1228 857 1264 924 os
1285 855 1372 922 Suliy
1392 857 1436 920 (or

241 941 389 1009 Welford).
427 941 485 994 The
497 943 630 1009 vicarage
639 943 665 994 is
676 941 833 1006 demut]

260 1052 425 1116 VchRIA
441 1065 491 1114 DE
508 1051 939 1116 ADINTON’.-Nicholaus
955 1051 998 1115 de
1017 1050 1194 1126 Stansord',
1209 1049 1437 1132 cappellanus,

177 1165 384 1238 presentatus
409 1177 466 1238 per
485 1155 655 1219 Abbatem
678 1165 712 1219 et
735 1166 936 1219 conventum
958 1155 1001 1219 de
1024 1155 1152 1236 Suleby
1172 1153 1214 1217 ad
1239 1162 1434 1236 perpetuam

178 1259 330 1322 vicariam
355 1259 492 1322 ecclesie
510 1258 553 1323 de
576 1259 737 1323 Adinton'
758 1259 946 1322 ordinatam
971 1259 1168 1322 auctoritate
1186 1257 1313 1350 domini
1338 1257 1435 1340 Epis-

176 1363 248 1444 copi
279 1372 359 1426 ante
390 1362 587 1439 Concilium,
612 1363 700 1426 iacta
731 1363 820 1445 prius
856 1362 1069 1444 inquisitione
1097 1382 1155 1444 per
1186 1362 1234 1437 R,
1261 1359 1436 1423 Archidia-

176 1485 296 1529 conum
323 1465 598 1548 Norhamptonie,
622 1487 681 1549 per
703 1487 814 1548 quarn,
832 1475 903 1542 etc,
922 1465 1088 1529 admissus
1110 1474 1161 1528 est
1184 1474 1218 1528 et
1241 1465 1274 1526 in
1297 1485 1337 1528 ea
1360 1484 1434 1528 cum

177 1589 274 1633 onere
304 1578 340 1632 et
366 1589 454 1652 pena
477 1570 674 1633 vicariorum
699 1571 858 1633 canonice
885 1571 1027 1633 vicarius
1051 1576 1231 1651 perpetuus
1258 1568 1436 1631 institutus

178 1671 338 1736 Consistit
365 1683 478 1736 autem
503 1671 594 1736 dicta
618 1673 741 1735 vicaria
767 1673 800 1735 in
831 1683 904 1736 toto
929 1671 1091 1753 altaragio
1121 1680 1156 1734 et
1182 1681 1269 1734 terra
1299 1671 1437 1734 ecclesie

177 1776 311 1838 nomine
335 1773 407 1855 iiij⁰¹
431 1795 615 1839 marcarum
638 1787 672 1839 et
695 1776 729 1839 in
752 1774 808 1838 illa
832 1774 1012 1839 medietate
1035 1775 1142 1837 mansi
1164 1774 1302 1838 ecclesie
1324 1795 1438 1837 versus

179 1876 402 1956 occidentem;
418 1877 548 1942 decime
558 1899 636 1942 vero
648 1878 838 1942 dividentur
855 1879 887 1940 in
899 1900 939 1955 x;
954 1878 1104 1940 canonici
1116 1877 1299 1960 percipient
1309 1885 1437 1959 septem

178 1992 295 2064 partes,
311 1982 454 2045 vicarius
473 1992 539 2046 tres
555 1992 590 2047 et
610 1983 787 2047 sustinebit
807 2003 909 2046 onera
923 1981 1127 2065 episcopalia
1141 1991 1175 2044 et
1192 1980 1438 2044 Archidiaconi.

178 2084 220 2148 Et
243 2084 443 2148 mandatum
467 2096 518 2149 est
541 2086 631 2149 dicto
655 2085 902 2149 Archidiacono
929 2095 975 2162 ut,
997 2097 1058 2148 etc.
1110 2083 1368 2148 Memorandum
1395 2083 1438 2146 de

178 2189 425 2270 permutatione
443 2189 602 2252 iacienda

177 2441 252 2510 [Guy
262 2443 295 2496 de
308 2441 409 2494 Arin'o
420 2442 444 2494 ts
455 2441 601 2494 r'rrstimed
614 2447 641 2494 to
653 2441 697 2494 tlte
706 2441 806 2495 churctr
822 2444 857 2510 os
870 2443 1000 2495 Moreton
1011 2440 1147 2509 Pinkney,
1160 2441 1335 2506 ll'nrttrunts,¹
1349 2457 1384 2494 on
1396 2442 1442 2495 ttre

233 2523 428 2591 presentation
439 2523 475 2592 os
485 2523 530 2575 tte
540 2523 629 2576 Pnbr
637 2523 697 2576 and
710 2523 835 2576 convent
845 2525 880 2592 of
891 2524 1007 2592 Astrby]

261 2627 455 2692 GULDENE
486 2624 883 2709 MORTON’.—Magister
907 2625 1019 2690 Guido
1041 2625 1084 2689 de
1112 2625 1235 2702 Aricio,
1255 2626 1307 2689 cui
1332 2627 1439 2690 dorni·

180 2751 238 2793 nus
269 2730 461 2814 Episcopus
491 2729 535 2793 de
571 2729 731 2793 mandato
762 2729 890 2793 domini
924 2750 1011 2812 pape
1047 2730 1220 2812 providere
1256 2731 1441 2807 tenebatur,

180 2846 391 2916 presentatus
421 2855 480 2916 per
504 2833 650 2897 Priorem
682 2843 716 2896 et
739 2843 941 2898 conventum
965 2833 1008 2897 de
1040 2833 1171 2916 Esseby
1193 2833 1237 2896 ad
1267 2835 1440 2899 ecclesiam

178 2933 219 2997 de
249 2932 559 3010 Guldenemorton’,
583 2943 757 2996 vacantem
790 2954 849 3016 per
879 2932 1139 3016 resignationem
1170 2933 1208 3015 J,
1239 2937 1442 3016 precentoris

180 3037 362 3114 Lincolnie,
378 3038 456 3119 quia
486 3037 659 3118 negotium
686 3035 749 3099 fuit
779 3036 813 3098 in
844 3034 1014 3119 expedito,
1037 3035 1080 3099 ad
1110 3035 1252 3099 eandem
1284 3057 1342 3120 per
1368 3059 1443 3120 pro-

179 3150 365 3204 curatorem
387 3139 553 3203 admissus
574 3148 634 3215 est,
649 3149 720 3216 etc,
735 3149 769 3202 et
785 3140 949 3202 concessit
969 3139 1078 3202 dictus
1099 3148 1293 3220 procurator
1308 3141 1443 3205 nomine

179 3245 278 3326 ipsius
303 3244 455 3326 magistri
480 3241 673 3326 G[uidonis]
693 3243 866 3306 ecclesiam
890 3242 1074 3325 predictam
1097 3242 1254 3325 predictis
1274 3245 1442 3308 canonicis

180 3449 338 3533 Episcopi
363 3469 536 3526 consensu,
560 3449 742 3513 secundum
766 3449 909 3512 formam
933 3450 967 3512 in
992 3449 1100 3513 rotulo
1123 3459 1287 3513 cartarum
1312 3451 1441 3533 plenius

177 3574 382 3637 expressam.
434 3554 606 3616 Provisum
630 3562 682 3617 est
704 3554 816 3629 etiam,
832 3563 868 3615 ut
892 3551 1015 3616 ibidem
1040 3553 1237 3628 continetur,
1252 3555 1342 3635 quod
1366 3575 1442 3637 cap-

180 3657 317 3739 pelanus
349 3656 405 3738 qui
437 3655 480 3719 ad
511 3657 734 3739 provisionem
767 3655 991 3739 predictorum
1023 3655 1257 3718 canonicorum
1290 3658 1322 3719 in
1353 3657 1442 3721 dicta

178 3761 316 3824 ecclesia
341 3780 401 3843 pro
425 3769 575 3841 ternpore
599 3759 809 3836 ministrabit,
833 3779 892 3840 per
916 3759 1005 3841 ipsos
1028 3758 1188 3840 quamdiu
1212 3758 1340 3822 firmam
1368 3781 1441 3842 pre-

179 3863 301 3928 dictam
328 3863 497 3927 tenuerint
519 3863 657 3926 domino
683 3863 852 3944 Episcopo
875 3861 1118 3945 presentandus
1140 3873 1174 3925 et
1196 3864 1442 3928 examinandus

178 3969 270 4032 etsie
286 3967 331 4032 de
348 3966 509 4031 mandato
533 3988 593 4030 suo
617 3987 675 4049 per
693 3967 976 4030 Archidiaconum
1001 3967 1063 4029 loci
1088 3966 1325 4043 admittendus,
1341 3967 1441 4031 habe-

178 4070 225 4133 bit
247 4082 360 4135 toturn
388 4070 586 4154 altaragium
612 4091 688 4134 cum
715 4090 832 4133 manso
857 4080 1078 4153 competente,
1100 4090 1200 4152 quem
1224 4069 1270 4132 illi
1294 4070 1438 4132 vicinum

177 4175 312 4240 ecclesie
349 4174 594 4258 providebunt;
623 4183 659 4237 et
692 4174 874 4256 hospitium
911 4173 1147 4237 Archidiaconi
1182 4173 1371 4255 procurabit
1405 4183 1440 4236 et

178 4279 282 4344 solvet
306 4277 479 4342 sinodalia.

177 4479 348 4548 [diberimus
364 4478 398 4533 de
414 4479 507 4543 Pun’e,
524 4477 693 4538 sub-dearum
711 4479 737 4531 is
753 4478 901 4532 instituted
920 4483 947 4530 to
968 4477 1014 4530 the
1029 4477 1130 4529 churctr
1146 4479 1182 4546 os
1198 4477 1314 4540 Frento,
1335 4493 1371 4529 on
1394 4477 1439 4531 the

233 4561 428 4630 prcsmtation
439 4562 475 4629 os
491 4559 617 4613 Wltiam
629 4559 663 4612 de
674 4560 769 4613 Fortro
784 4560 845 4612 and
854 4559 929 4628 Rals
934 4559 969 4612 de
982 4558 1137 4627 Chionen]

262 4662 648 4727 FORHO.-Alberimus
678 4660 721 4725 de
752 4662 858 4738 Purie,
888 4661 1119 4738 subdiaconus,
1150 4669 1358 4743 presentatus
1382 4681 1439 4743 per

180 4767 385 4832 Willelmum
407 4767 450 4831 de
470 4767 581 4830 Forho
603 4765 742 4829 militem
761 4777 794 4829 et
815 4764 997 4828 Radulfum
1017 4763 1060 4828 de
1079 4764 1254 4829 Chedneto
1271 4764 1313 4827 ad
1334 4764 1437 4827 eccle-

418 4994 426 5024 ¹
440 4993 539 5047 Called
552 4993 652 5046 Gilden
668 4993 777 5044 Morton
792 4992 831 5044 till
845 4993 893 5044 the
907 4991 1065 5043 iouneenth
1077 4999 1198 5057 century.

241 5084 314 5137 Vou.
328 5083 365 5137 11.
1355 5095 1373 5132 rr
