3609 5642
340 526 407 593 144
678 497 816 570 Rotule'
839 496 1017 593 lingones
1042 496 1084 567 de
1120 497 1252 570 Welles

332 735 444 803 [Robeet
459 735 493 788 de
514 733 672 802 Hertforde,
691 731 829 799 chapterin,
842 730 993 799 presented
1007 730 1041 798 by
1052 729 1132 797 solen
1148 730 1183 783 de
1199 730 1346 788 Neketone.
1356 737 1449 792 rector,
1461 731 1531 784 osu
1548 732 1595 784 tlte

397 822 511 874 consent
525 817 561 884 of
578 815 705 868 Wlliom
722 813 862 877 Mauduit,
881 813 926 866 tlu
939 815 1051 880 patron,
1072 815 1097 864 is
1113 812 1259 865 instituted
1274 814 1354 865 vicar
1373 813 1409 881 os
1422 813 1593 877 Cottesmore,

398 897 530 953 Ruttand.
569 897 625 950 Tite
636 898 768 964 uimroge
778 897 804 948 is
814 895 970 963 desm'bed]

420 1020 650 1085 COTESMORE
681 1010 1059 1080 VICAR1A.-Robertus
1092 1013 1136 1078 de
1167 1013 1358 1091 Hertsorde,
1388 1015 1592 1097 capellanus,

333 1132 543 1208 presentatus
574 1141 633 1203 per
663 1119 852 1202 Johannem
884 1117 927 1181 de
958 1117 1144 1194 Neketone,
1176 1138 1352 1200 personam
1379 1121 1518 1183 ecclesie
1549 1120 1592 1183 de

334 1229 537 1302 Cotesmore‚
567 1224 609 1288 ad
642 1223 745 1304 ipsius
775 1223 914 1286 ecclesie
948 1223 1115 1298 vicariam,
1153 1223 1393 1286 interveniente
1431 1223 1591 1286 Willelmi

336 1330 500 1405 Mauduit,
522 1329 650 1392 domini
676 1327 779 1409 Regis
802 1327 983 1402 camerarii,
1007 1327 1096 1389 dicte
1118 1326 1256 1389 ecclesie
1279 1327 1419 1408 patroni,
1445 1347 1593 1402 assensu,

333 1435 376 1500 ad
392 1434 534 1499 eandem
550 1432 716 1496 admissus
731 1444 791 1508 est,
807 1450 882 1493 cum
900 1450 1000 1493 onere
1015 1441 1049 1493 et
1069 1450 1156 1512 pena
1178 1431 1382 1493 vicariorum.
1429 1429 1591 1495 Consistit

334 1548 446 1604 autem
474 1538 546 1620 ipsa
572 1535 694 1599 vicaria
717 1535 750 1597 in
777 1543 850 1597 toto
869 1533 1041 1616 altaragi0,
1067 1533 1157 1615 quod
1182 1533 1270 1597 valet
1294 1556 1314 1597 v
1339 1554 1476 1611 marcas,
1497 1545 1533 1598 et
1559 1536 1591 1598 in

321 1643 471 1706 ¹decimis
491 1623 669 1724 garbarum
689 1637 732 1701 de
752 1647 824 1700 toto
844 1637 1014 1700 dominico
1035 1657 1184 1720 persone,
1199 1648 1233 1701 et
1252 1638 1285 1700 in
1303 1638 1440 1701 minutis
1455 1638 1592 1703 decimis

334 1747 378 1810 de
393 1743 605 1808 nutrimentis
620 1741 815 1805 animalium
832 1741 945 1824 ipsius,
960 1750 993 1803 et
1013 1741 1047 1803 in
1063 1739 1201 1804 decimis
1217 1740 1284 1804 seni
1300 1740 1344 1804 de
1365 1741 1544 1818 Wentone,
1558 1752 1591 1805 et

334 1851 368 1911 in
390 1868 457 1911 una
476 1848 606 1929 virgata
624 1855 709 1908 terre
732 1845 855 1908 vicario
878 1845 1048 1928 assignata
1072 1845 1105 1906 in
1126 1843 1303 1908 Cotesmor
1325 1843 1368 1907 de
1390 1854 1477 1907 terra
1493 1847 1592 1928 perti·

334 1962 434 2016 nente
456 1949 499 2014 ad
523 1948 707 2024 ecclesiam,
730 1968 795 2030 que
815 1946 905 2028 jacet
931 1967 991 2029 per
1013 1947 1192 2029 particulas
1219 1947 1304 2010 inter
1325 1957 1430 2010 terras
1454 1948 1591 2012 Henrici

334 2055 392 2118 filii
409 2074 558 2137 persone,
573 2060 607 2116 et
624 2051 784 2114 Willelmi
802 2050 970 2126 Coleville‚
985 2059 1019 2112 et
1035 2050 1167 2112 Thome
1185 2050 1274 2113 Pere.
1322 2049 1473 2114 Habebit
1489 2053 1590 2114 etiam

335 2158 476 2222 vicarius
506 2177 567 2239 pro
598 2176 716 2218 manso
746 2155 927 2237 virgultum
957 2153 1138 2235 quoddam,
1168 2154 1259 2236 quod
1290 2154 1391 2216 situm
1417 2164 1469 2219 est
1493 2154 1591 2236 juxta

335 2261 533 2325 cimiterium
550 2280 594 2322 ex
612 2268 706 2341 parte
721 2257 873 2322 orientali
897 2266 932 2320 et
950 2255 1051 2337 juxta
1066 2257 1191 2320 curiam
1208 2276 1357 2339 persone,
1372 2266 1407 2320 et
1422 2257 1591 2338 quoddam

336 2363 509 2447 pratellum
531 2362 646 2444 jacens
676 2361 819 2438 inferius,
842 2370 876 2425 et
907 2361 1075 2424 redditum
1108 2361 1214 2423 mansi
1238 2380 1337 2442 quem
1363 2359 1528 2424 Radulius
1550 2361 1591 2424 ad

335 2468 508 2531 ecclesiam
525 2478 626 2544 tenet,
641 2487 706 2550 que
723 2466 836 2529 omnia
851 2467 964 2530 valent
981 2465 1002 2547 ij
1021 2486 1149 2529 marcas
1169 2475 1204 2529 et
1219 2464 1394 2528 dimidiam
1409 2487 1415 2542 ;
1437 2474 1472 2529 et
1488 2465 1592 2528 solvet

336 2571 476 2635 vicarius
491 2570 675 2652 synodalia,
691 2589 834 2652 persona
849 2590 927 2633 vero
943 2568 1125 2651 hospitium
1140 2568 1379 2631 Archidiaconi
1396 2569 1591 2651 procurabit

337 2675 441 2737 Facta
463 2685 576 2738 autem
601 2672 662 2736 suit
685 2673 775 2756 prius
799 2673 970 2754 inquisitio
992 2693 1052 2754 per
1075 2671 1331 2748 R.,0fficia1em
1357 2671 1591 2736 Archidiaconi

338 2777 613 2860 Norbamptonie,
629 2798 688 2860 per
703 2796 814 2858 quam,
829 2786 900 2852 etc,
916 2777 968 2838 cui
986 2775 1182 2839 mandatum
1198 2785 1249 2839 est
1264 2784 1310 2851 ut,
1325 2785 1386 2838 etc.

336 3123 475 3192 [Thomas
497 3121 691 3189 Sparhawche‚
716 3120 854 3187 chaplain.
872 3119 1023 3188 presented
1040 3120 1074 3187 by
1094 3120 1140 3172 itu
1161 3118 1252 3172 Abbot
1270 3119 1332 3172 and
1353 3119 1480 3172 Corevent
1496 3119 1533 3187 os
1554 3119 1593 3172 St.

393 3205 499 3272 sames,
531 3203 745 3272 Northompton,
774 3205 799 3255 is
827 3203 973 3256 instituted
998 3205 1078 3255 vicar
1103 3202 1139 3270 os
1164 3202 1294 3271 Weckley.
1342 3201 1400 3255 Ttu
1419 3203 1596 3270 vitarageis

402 3286 560 3352 described]

424 3397 555 3460 WICLE
582 3395 950 3460 VICARIA-Thomas
980 3394 1213 3477 (Esperverius
1242 3394 1355 3457 scored
1379 3393 1594 3475 undemeotle)

337 3499 571 3584 Sparhawche‚
592 3500 817 3581 cappellanus,
838 3508 1048 3581 presentatus
1068 3519 1128 3580 per
1148 3497 1318 3561 Abbatem
1338 3506 1373 3560 et
1392 3507 1593 3560 conventum

338 3606 452 3671 Sancti
471 3603 589 3686 Jacobi
616 3603 883 3685 Norbamptonie
907 3602 948 3665 ad
973 3603 1130 3668 vicariam
1153 3602 1292 3666 ecclesie
1314 3601 1357 3664 de
1381 3601 1497 3678 Wicle‚
1519 3621 1594 3663 auc-

336 3709 471 3770 toritate
485 3707 624 3771 Concilii
638 3705 837 3782 ordinatam,
847 3706 935 3769 facta
948 3707 1037 3789 prius
1048 3706 1261 3787 inquisitione
1273 3725 1333 3788 per
1344 3703 1394 3781 R,
1406 3703 1593 3768 Officialem

338 3810 615 3892 Norbamptonie,
631 3829 815 3892 perquam,
835 3819 906 3886 etc,
925 3810 969 3873 ad
988 3809 1131 3872 eandem
1151 3830 1227 3872 cum
1248 3828 1348 3871 onere
1368 3817 1402 3870 et
1423 3827 1519 3889 pena,
1533 3818 1594 3871 etc.

337 3914 498 3979 Consistit
513 3922 626 3976 autem
651 3913 724 3995 ipsa
739 3913 861 3976 vicaria
884 3914 917 3976 in
941 3922 1014 3976 toto
1037 3913 1199 3994 altaragio
1221 3932 1297 3974 cum
1321 3930 1439 3973 manso
1461 3931 1594 3993 compe·

336 4027 437 4094 tente,
452 4027 486 4079 et
502 4016 591 4080 valet
610 4038 631 4079 v
652 4036 802 4094 marcas3
826 4026 860 4080 et
882 4017 989 4080 solvet
1009 4017 1150 4080 vicarius
1174 4025 1305 4078 tantum
1330 4013 1503 4077 sinodalia
1551 4013 1595 4078 Et

337 4119 533 4183 mandatum
550 4130 602 4183 est
617 4119 708 4182 dicto
725 4118 868 4185 Officiali
886 4129 931 4196 ut,
946 4129 1007 4182 etc.

423 4404 491 4489 [On
507 4404 560 4468 the
574 4405 666 4469 dorse
677 4403 748 4488 .·-]

335 4531 471 4601 [Thomas
489 4530 522 4584 de
538 4529 639 4598 Longa
660 4529 773 4594 Villais
784 4531 936 4598 presented
945 4532 996 4599 for
1013 4531 1177 4594 institution,
1189 4528 1251 4581 and
1264 4529 1289 4580 is
1305 4527 1451 4580 instituted
1465 4527 1597 4596 Prionos

400 4613 440 4668 St.
452 4611 606 4674 Andnew's,
619 4610 846 4680 Northompton]

425 4723 527 4786 Anno
555 4722 683 4786 domini
717 4721 765 4785 Μο
796 4723 866 4788 CC⁰
897 4721 1029 4804 xxviij⁰,
1063 4741 1153 4785 anno
1187 4719 1343 4784 videlicet
1382 4719 1597 4802 pontificatus

335 4827 463 4891 domini
492 4824 735 4889 Lincolniensis
762 4826 923 4909 Episcopi
952 4826 1108 4908 Hugonis
1138 4823 1275 4887 secundi
1306 4823 1391 4899 xiid,
1415 4821 1485 4904 iiij¹⁰
1517 4821 1598 4886 ldus

335 4931 435 5014 Junii,
449 4929 564 4993 Frater
580 4927 729 4992 Thomas
745 4929 788 4993 de
812 4929 931 5012 Longa
946 4929 1045 5007 Villa,
1067 4926 1261 5002 monachus,
1277 4925 1404 4989 litteras
1423 4925 1598 5009 Stephani,
