3609 5642
351 543 421 609 266
691 524 838 609 'Rotulz'
852 533 1029 633 Hugonzs
1055 535 1099 609 de
1126 534 1258 608 Welles

349 774 392 838 ad
418 774 700 857 presentationem
730 774 889 837 Priorisse
915 785 949 837 et
972 784 1157 839 conventus
1181 773 1223 837 de
1249 774 1369 849 Etone,
1393 782 1611 856 patronarum

348 878 488 943 ecclesie
521 878 564 942 de
596 878 744 955 Burwel’,
773 877 934 942 dilectum
973 878 1006 941 in
1039 877 1172 942 Christo
1203 876 1308 941 filium
1348 874 1536 941 Galsridum
1568 874 1612 939 de

351 982 540 1059 Lodbroke‚
552 981 774 1064 capellanum,
785 980 827 1045 ad
845 982 1003 1045 vicariam
1021 980 1123 1064 ipsius
1139 980 1278 1045 ecclesie
1294 979 1469 1044 admisisse
1485 981 1611 1063 ipsum-

349 1106 414 1167 que
430 1086 463 1149 in
479 1105 520 1149 ea
534 1086 695 1148 canonice
709 1085 868 1148 vicarium
882 1094 953 1161 etc,
966 1105 1042 1147 cum
1055 1104 1156 1147 onere
1169 1082 1379 1149 ministrandi
1393 1083 1610 1166 personaliter

350 1191 383 1252 iu
399 1188 527 1252 eadem.
574 1187 737 1253 Consistit
754 1199 867 1251 autem
889 1189 962 1271 ipsa
982 1189 1103 1252 vicaria
1122 1188 1155 1250 in
1176 1197 1250 1252 toto
1270 1186 1442 1269 altaragio,
1457 1188 1609 1267 exceptis

349 1293 446 1375 agnis
472 1302 506 1354 et
530 1291 789 1355 obventionibus
820 1291 1092 1375 provenientibus
1123 1291 1166 1354 ad
1191 1291 1296 1355 altare
1321 1310 1379 1373 per
1406 1311 1452 1353 xv
1477 1288 1550 1352 dies
1577 1290 1608 1351 in

348 1396 481 1459 duobus
497 1396 590 1460 iestis
607 1396 731 1461 Sancte
744 1396 879 1474 Crucis;
901 1397 981 1460 item
999 1398 1031 1459 in
1048 1396 1188 1460 decimis
1201 1393 1266 1458 seni
1282 1405 1316 1459 et
1332 1392 1610 1468 molendinorum,

350 1522 433 1583 quas
454 1500 515 1563 Th.
536 1501 655 1564 ultimo
676 1501 817 1563 vicarius
838 1501 962 1565 ibidem
984 1500 1129 1565 obtinuit
1149 1521 1169 1563 a
1187 1500 1326 1563 domino
1345 1508 1380 1562 et
1400 1497 1610 1580 parochianis

349 1604 447 1669 simul
464 1626 540 1667 cum
557 1603 704 1687 quadam
721 1614 815 1687 parte
834 1604 926 1668 bosci
947 1605 1075 1669 domini
1095 1616 1129 1668 et
1151 1613 1294 1687 pastura
1342 1601 1492 1665 Habebit
1507 1602 1609 1665 etiam

349 1703 491 1773 vicarius
521 1718 642 1773 terram
670 1708 873 1772 dominicam
901 1710 1040 1773 ecclesie
1070 1729 1146 1772 cum
1179 1708 1388 1791 pertinentiis
1417 1717 1452 1769 et
1484 1726 1610 1781 manso,

347 1821 493 1895 excepto
531 1812 649 1875 horreo
687 1812 729 1876 ad
768 1811 999 1895 reponendum
1037 1812 1185 1875 decimas
1223 1808 1402 1893 garbarum
1442 1809 1608 1873 dictarum

350 1916 556 1992 monialium,
571 1938 592 1979 a
607 1917 728 1998 quibus
749 1917 890 1979 vicarius
910 1924 977 1979 tres
997 1915 1122 1979 solidos
1143 1936 1202 1997 pro
1222 1912 1362 1977 dimidia
1381 1913 1504 1977 bovata
1524 1924 1609 1977 terre

349 2019 486 2101 recipiet
501 2021 685 2097 annuatim,
700 2020 833 2083 solvens
853 2031 985 2083 tantum
1007 2019 1204 2101 synodalia3
1229 2018 1328 2081 salvis
1343 2028 1404 2082 etc.
1451 2017 1553 2100 Quod
1574 2028 1610 2082 ut

348 2131 420 2198 etc,
435 2122 577 2187 testibus
592 2132 627 2186 et
642 2121 723 2185 data
739 2132 775 2186 ut
792 2124 824 2185 in
844 2132 937 2186 carta
957 2141 1057 2205 super
1071 2122 1212 2185 ecclesia
1226 2120 1270 2185 de
1286 2121 1560 2205 Wassingeburk’
1573 2123 1609 2185 in

349 2226 622 2289 archidiaconatu
641 2227 821 2290 Lincolnie.

407 2410 410 2415 '
436 2400 506 2485 [On
521 2401 574 2464 tlte
587 2401 681 2464 dorse
693 2400 762 2484 .·-]

347 2528 390 2592 [Τ
386 2528 421 2579 lu
438 2526 545 2595 Br'slrop
561 2526 694 2595 confims
709 2542 728 2578 a
743 2526 814 2579 dud
827 2530 858 2594 os
868 2526 948 2593 John
965 2526 999 2579 de
1015 2526 1180 2594 Bannebiry,
1199 2530 1287 2579 rector
1301 2526 1337 2593 os
1348 2524 1559 2593 bichborouglr,
1577 2525 1612 2592 by

412 2607 505 2660 wltr'clr
517 2608 552 2661 Ιιι
558 2613 662 2677 granis
677 2608 723 2662 the
734 2610 837 2677 profitr
852 2609 888 2677 of
897 2608 944 2661 hir
960 2608 1059 2663 church
1080 2614 1108 2663 to
1126 2608 1261 2663 Nicholas
1279 2608 1313 2661 de
1333 2606 1493 2676 thhibroc,
1507 2606 1585 2659 usuil
1592 2624 1610 2660 α

412 2690 476 2743 debr
483 2690 538 2743 due
548 2695 576 2743 to
585 2690 646 2742 him
657 2690 785 2743 hasbeen
796 2690 912 2759 repar&
929 2690 993 2744 Dec.
1007 2709 1045 2747 ιι,
1058 2695 1142 2757 1²33]

438 2800 606 2865 Omnibus
625 2810 685 2863 etc.
733 2800 903 2864 Noveritis
922 2802 1012 2883 quod
1034 2822 1096 2864 nos
1115 2800 1364 2864 concessionem
1384 2798 1549 2881 Johannis
1568 2797 1612 2861 de

351 2903 541 2986 Bannebiry
562 2903 683 2966 factam
707 2904 872 2967 Nicholao
891 2904 934 2968 de
955 2904 1153 2988 Wythibroc
1173 2924 1273 2987 super
1293 2902 1453 2967 fructibus
1472 2902 1612 2966 ecclesie

349 3006 392 3069 de
432 3004 700 3089 Lichesb[arwe]‚
730 3026 832 3088 quam
872 3008 934 3089 ipsi
968 3007 1113 3089 Johanni
1145 3006 1357 3082 contulimus,
1388 3004 1612 3087 percipiendis

349 3110 533 3174 secundum
575 3109 666 3190 quod
707 3110 739 3172 in
782 3110 900 3173 litteris
938 3110 1006 3173 suis
1045 3110 1253 3192 presentibus
1292 3108 1448 3192 appensis
1480 3109 1611 3192 plenius

350 3214 548 3288 continetur,
565 3223 670 3276 ratam
688 3213 850 3277 habentes
869 3224 903 3277 et
923 3225 1053 3297 gratam
1074 3213 1184 3278 eidem
1205 3223 1367 3296 quantum
1390 3212 1421 3275 in
1444 3211 1541 3275 nobis
1560 3224 1611 3276 est

349 3337 522 3380 assensum
546 3315 768 3403 adhibuimus.
817 3317 855 3379 ln
879 3317 974 3399 cujus
994 3328 1054 3381 etc.
1102 3317 1193 3379 Data
1216 3317 1306 3399 apud
1331 3316 1472 3379 Parcum
1497 3315 1611 3380 Stowe

349 3420 498 3484 secundo
514 3420 589 3483 idus
606 3420 802 3484 Decembris
819 3420 1033 3503 pontificatus
1050 3422 1153 3484 nostri
1169 3440 1259 3483 anno
1275 3420 1382 3482 xxiiii.

440 3524 514 3589 Hec
529 3535 607 3589 sunt
627 3524 734 3589 littere
754 3524 938 3608 dequibus
958 3545 1065 3608 supra.
1112 3524 1307 3589 “Omnibus
1323 3534 1384 3587 etc.
1430 3524 1612 3605 JohanneS,

348 3638 455 3692 rector
470 3628 608 3691 ecclesie
623 3628 666 3691 de
684 3627 953 3711 Lichesb[arwe],
969 3629 1110 3692 salutem
1128 3629 1160 3691 in
1177 3628 1324 3691 domino
1371 3626 1541 3690 Noveritis
1557 3646 1611 3689 me

349 3732 553 3796 concessisse
568 3741 602 3795 et
618 3732 680 3794 hac
697 3732 842 3815 presenti
858 3733 982 3815 scripto
1002 3731 1216 3795 confirmasse
1232 3731 1371 3794 domino
1387 3729 1419 3792 N
1423 3729 1554 3793 icholao
1569 3728 1612 3795 de

350 3834 550 3917 Wythibroc
580 3855 697 3899 omnes
729 3836 854 3898 fructus
884 3835 1023 3899 ecclesie
1055 3856 1128 3899 mee
1158 3835 1201 3899 de
1234 3834 1387 3898 Lichesb'
1417 3834 1547 3917 integre
1578 3844 1612 3898 et

351 3938 498 4021 plenarie
514 3938 747 4021 percipiendos
767 3939 838 4001 sine
858 3939 950 4001 omni
971 3938 1235 4003 contradictione
1255 3948 1289 4002 et
1311 3938 1473 4013 molestia,
1488 3958 1611 4019 quous-

349 4063 415 4125 que
431 4064 530 4125 super
545 4042 660 4105 debito
676 4062 736 4124 pro
752 4063 819 4123 quo
835 4042 907 4124 ipse
920 4063 979 4125 pro
993 4063 1046 4105 me
1059 4044 1091 4105 in
1105 4043 1240 4106 civitate
1254 4040 1434 4124 Bon[onie]
1447 4039 1611 4123 fidejussit

350 4146 413 4209 sibi
445 4145 592 4227 plenarie
622 4144 720 4208 suerit
751 4144 981 4218 satisfactum;
1014 4145 1103 4209 unde
1135 4145 1316 4209 Ricardum
1348 4145 1503 4208 clericum
1537 4165 1611 4227 pro-

349 4259 535 4313 curatorem
553 4248 734 4330 supradicti
752 4248 783 4309 N
787 4247 907 4311 icholai
923 4248 956 4310 in
977 4249 1183 4331 corporalem
1200 4248 1444 4331 possessionem
1462 4247 1611 4330 predicte

349 4353 488 4417 ecclesie
512 4373 586 4415 mee
608 4352 651 4415 de
673 4350 824 4414 Lichesb'
844 4351 972 4414 induxi.
1020 4352 1055 4415 Si
1075 4372 1154 4415 vero
1174 4362 1355 4433 antequam
1376 4371 1476 4433 super
1494 4349 1611 4414 debito

351 4454 501 4538 predicto
525 4466 559 4517 et
582 4454 739 4537 dampnis
765 4456 941 4518 occasione
967 4455 1060 4517 istius
1090 4454 1194 4518 debiti
1221 4454 1312 4518 dicto
1340 4453 1506 4518 Nicholao
1532 4474 1610 4519 con-

350 4558 557 4641 tingentibus
583 4557 692 4621 eidem
721 4558 818 4621 fuerit
843 4558 1050 4621 satisfactum
1075 4557 1117 4620 ad
1140 4557 1230 4621 aliud
1255 4556 1454 4622 beneficium
1477 4558 1610 4623 ecclesi-

350 4664 492 4727 asticum
523 4661 616 4724 suero
646 4671 819 4744 promotus
850 4662 901 4726 vel
934 4662 1080 4744 aliquam
1113 4661 1212 4725 aliam
1245 4662 1490 4743 possessionem
1519 4660 1611 4726 suero

350 4767 502 4849 adeptus,
518 4766 645 4828 licitum
667 4766 710 4827 sit
729 4765 964 4828 archidiacono
984 4765 1070 4828 illius
1090 4764 1162 4841 loci,
1178 4766 1234 4846 qui
1256 4785 1316 4847 pro
1336 4774 1488 4847 tempore
1505 4764 1612 4840 suerit,

350 4872 442 4935 omni
459 4869 685 4953 appellatione
699 4878 732 4931 et
749 4868 980 4952 ex[cepti]one
998 4880 1067 4933 tarn
1086 4868 1168 4950 juris
1183 4889 1284 4951 quam
1306 4868 1385 4931 facti
1406 4871 1611 4951 postpositis,

350 4974 579 5057 supradictum
601 4972 802 5036 Nicholaum
824 4974 856 5035 in
879 4974 1124 5055 possessionem
1146 4973 1233 5036 illius
1252 4972 1391 5036 ecclesie
1407 4973 1458 5037 vel
1475 4972 1612 5038 alterius
