3609 5642
642 565 819 665 Episcopi
842 563 1129 640 Lz‘ncolne'ensis.

341 805 409 890 [On
425 807 478 872 tlte
492 808 584 873 dorse
598 807 667 891 :-]

253 925 265 994 [
267 925 346 992 john
362 926 396 978 de
406 925 531 988 London.
545 925 634 989 monk,
642 917 832 992 presentediy
843 925 889 978 the
901 923 990 977 Atbot
1005 925 1067 979 ond
1077 925 1203 978 Cmment
1211 924 1380 995 osFe'oamp,
1392 927 1418 979 is
1433 926 1512 980 insti·

319 1007 396 1060 tuted
404 1013 431 1060 to
442 1007 487 1060 the
498 1007 599 1076 Pnbry
610 1008 646 1074 of
653 1009 750 1075 Coggs,
764 1022 800 1060 on
812 1005 856 1059 tlte
867 1006 1040 1075 resignation
1051 1007 1088 1074 of
1094 1006 1207 1076 Hegio]

340 1110 511 1192 Johannes
526 1108 569 1173 de
591 1108 745 1185 London,
762 1109 954 1186 monachus,
974 1119 1184 1193 presentatus
1208 1130 1268 1194 per
1284 1110 1454 1175 Abbatem
1476 1122 1511 1177 et

253 1222 455 1278 conventum
482 1213 525 1277 de
551 1214 729 1277 Fiscamno
756 1211 799 1276 ad
825 1213 1007 1296 prioratum
1035 1213 1077 1278 de
1106 1213 1223 1297 Koges
1250 1225 1425 1279 vacantem
1452 1237 1511 1299 per

254 1319 511 1402 resignationem
545 1317 710 1402 Hugonis,
741 1317 905 1394 monachi,
935 1317 979 1382 ad
1011 1318 1155 1382 eundem
1191 1318 1357 1383 admissus
1386 1331 1447 1398 est,
1476 1330 1511 1385 et

254 1422 377 1487 ibidem
399 1423 487 1506 prior
508 1423 689 1498 institutus
704 1433 739 1486 et
758 1421 955 1486 mandatum
979 1432 1031 1486 est
1048 1422 1099 1498 A,
1116 1422 1365 1487 Archidiacono
1389 1422 1511 1502 Oxon',

253 1537 299 1602 ut,
314 1537 375 1591 etc.
422 1527 544 1591 Forma
559 1536 672 1590 autem
688 1527 946 1610 presentationis
961 1537 1012 1590 est
1028 1528 1089 1590 hec
1101 1526 1348 1591 z-Venerabili
1370 1529 1455 1612 patri
1477 1539 1512 1594 et

253 1631 391 1696 domino
422 1633 455 1694 in
486 1631 620 1696 Christo
652 1631 839 1695 Karissimo
871 1631 1010 1714 Hugoni
1043 1631 1107 1694 Dei
1145 1631 1253 1714 gratia
1285 1631 1510 1696 Lincolniensi

255 1735 434 1818 Episcopo,
451 1735 500 1811 R,
515 1736 606 1800 dicta
627 1737 839 1799 miseratione
858 1735 993 1799 humilis
1015 1734 1133 1798 Abbas
1157 1735 1287 1798 Fiscan'
1302 1744 1337 1799 et
1359 1735 1510 1817 ejusdem

253 1839 317 1903 loci
338 1851 521 1903 conventus
544 1839 686 1903 salutem
711 1840 743 1902 in
767 1839 883 1902 salutis
910 1850 1052 1902 auctore.
1099 1838 1278 1904 Sanctitati
1302 1849 1411 1904 vestre
1439 1860 1511 1922 pre·

253 1953 424 2007 sentamus
461 1941 621 2006 dilectum
660 1942 692 2006 in
732 1943 865 2008 Christo
896 1943 1030 2007 fratrem
1061 1953 1096 2006 et
1126 1942 1327 2006 monachum
1359 1954 1510 2008 nostrum

252 2047 292 2129 J,
315 2048 454 2110 latorem
483 2047 696 2130 presentium,
726 2045 769 2110 ad
800 2047 984 2129 prioratum
1013 2045 1056 2109 de
1087 2046 1205 2130 Coges,
1235 2067 1334 2129 quem
1365 2046 1396 2111 ei
1433 2067 1510 2111 cum

253 2151 462 2235 pertinentiis
485 2149 645 2232 ejusdem,
669 2159 831 2232 quantum
856 2151 888 2213 in
913 2149 1010 2213 nobis
1040 2159 1092 2214 est
1121 2151 1356 2227 concessimus,
1386 2150 1511 2234 suppli·

252 2265 367 2318 cantes
397 2255 557 2318 attentius
587 2254 779 2337 paternitati
811 2265 929 2331 vestre,
959 2255 1117 2337 quatinus
1148 2255 1257 2337 ipsum
1289 2253 1332 2318 ad
1362 2255 1507 2319 eundem

252 2359 436 2441 prioratum
453 2358 710 2423 misericorditer
725 2359 835 2423 velitis
850 2358 1037 2423 admittere.
1083 2358 1212 2423 Valete.

749 2532 889 2598 Annus
914 2532 1011 2596 xlx.

251 2658 371 2725 [Leman
387 2657 421 2711 de
440 2657 583 2719 Cormeill.
596 2657 764 2722 sub-deaceae,
778 2659 926 2726 presented
938 2658 972 2726 by
988 2658 1033 2711 tlte
1049 2658 1137 2727 King,
1155 2658 1219 2711 who
1236 2657 1317 2712 holds
1332 2658 1377 2711 tlte
1396 2659 1467 2712 land
1480 2659 1516 2728 of

323 2739 428 2794 Walter
436 2739 469 2792 de
481 2739 621 2801 Fontibus,
633 2739 724 2794 which
737 2739 761 2792 is
772 2740 808 2808 os
814 2739 913 2808 thefee
923 2741 959 2808 of
966 2739 1070 2800 Robert,
1083 2741 1174 2793 Coun!
1183 2739 1326 2808 ofDreux,
1337 2741 1514 2794 &instituted

314 2827 419 2891 parson
431 2821 467 2889 os
477 2837 496 2873 a
507 2821 623 2890 medtety
634 2821 670 2888 os
681 2821 727 2874 tte
737 2821 838 2875 churct
849 2822 885 2890 os
892 2820 1052 2874 Rowsham.
1086 2821 1133 2874 He
1143 2822 1169 2874 is
1178 2828 1207 2874 to
1222 2821 1253 2874 be
1265 2821 1402 2875 ordar'ered
1409 2822 1510 2876 deacou

318 2903 401 2956 when
412 2903 458 2957 tlte
468 2903 575 2968 Be'shop
586 2903 683 2967 rutile]

341 3007 540 3071 Muumms
571 3005 755 3070 Eccuusm
787 3019 836 3068 ua
868 3004 1339 3070 mutassent-Lucanus
1362 3005 1406 3070 de
1430 3005 1510 3071 Cor-

252 3109 361 3187 meill’‚
402 3109 634 3186 subdiaconus,
676 3119 887 3192 presentatus
931 3108 973 3172 ad
1017 3109 1233 3173 medietatem
1281 3110 1420 3174 ecclesie
1466 3110 1510 3175 de

250 3214 466 3278 Rolleshame
509 3234 567 3297 per
603 3212 778 3277 dominum
818 3213 947 3296 Regem
987 3214 1114 3278 ratione
1162 3222 1248 3278 terre
1288 3213 1427 3279 Walteri
1466 3215 1509 3279 de

254 3317 426 3394 Fontibus,
449 3337 514 3399 que
535 3328 587 3381 est
609 3317 652 3381 de
675 3317 773 3382 feodo
798 3317 936 3382 Roberti
961 3317 1103 3382 Comitis
1125 3316 1168 3381 de
1192 3315 1320 3392 Dreus',
1343 3317 1375 3380 in
1408 3337 1509 3381 manu

253 3441 313 3486 sua
341 3421 528 3496 existentis
555 3441 575 3483 a
598 3421 717 3505 quinto
743 3422 798 3486 die
824 3422 1023 3486 Decembris
1053 3441 1142 3484 anno
1172 3421 1264 3504 regni
1291 3422 1341 3485 sui
1368 3420 1509 3497 decimo,

251 3527 337 3589 sicut
367 3523 455 3588 idem
487 3523 686 3606 significavit
716 3546 775 3607 per
805 3525 931 3589 litteras
958 3545 1044 3602 suas,
1068 3524 1221 3590 inhibens
1251 3544 1293 3588 ne
1320 3525 1441 3607 aliquis
1463 3545 1508 3589 ex

251 3637 346 3712 parte
375 3627 428 3690 W.
459 3627 502 3690 de
534 3627 697 3691 Fontibus
727 3639 938 3710 presentatus
968 3629 1010 3692 ad
1038 3628 1163 3692 dictam
1200 3626 1414 3691 medietatem
1451 3628 1509 3692 ad·

253 3733 416 3808 mittatur,
442 3751 518 3794 cum
542 3752 666 3795 vacans
696 3732 803 3809 suerit,
830 3743 908 3815 post
938 3732 1135 3796 mandatum
1159 3752 1256 3796 suum
1281 3730 1504 3816 vic[ecomiti]

253 3836 365 3901 Oxon'
388 3855 488 3914 super
509 3834 573 3898 hoc
593 3835 766 3913 directum,
785 3837 874 3900 sacta
894 3837 986 3920 prius
1007 3835 1220 3918 inquisitione
1242 3856 1302 3918 per
1323 3835 1374 3913 A,
1391 3836 1507 3902 Archi-

251 3940 428 4004 diaconum
455 3939 568 4006 Oxon’
591 3960 746 4023 perque,
769 3950 840 4017 etc,
863 3940 907 4005 ad
930 3940 1073 4004 eandem
1097 3939 1262 4003 admissus
1284 3949 1345 4016 est,
1360 3949 1431 4018 etc,
1445 3941 1509 4005 sub

252 4065 347 4128 pena,
377 4043 468 4126 quod
499 4063 574 4108 cum
605 4042 762 4107 dominus
794 4043 984 4127 Episcopus
1014 4044 1164 4119 voluerit,
1195 4042 1283 4107 idem
1314 4043 1427 4108 veniat
1463 4045 1507 4108 ad

252 4148 383 4212 ordines
400 4148 537 4211 ulterius
552 4146 778 4224 ordinandus;
801 4157 836 4211 et
851 4147 1039 4229 injunctum
1055 4157 1106 4212 est
1123 4147 1185 4224 W,
1201 4146 1345 4212 Officiali
1361 4148 1508 4230 presenti

253 4252 283 4315 N
287 4253 520 4334 orhamptonie
535 4261 581 4328 ut,
596 4260 657 4315 etc

251 4408 356 4479 [Hugh
372 4407 406 4461 dc
423 4407 524 4461 Sancto
540 4407 700 4471 Edmundo,
714 4407 863 4475 presented
877 4407 972 4476 hythe
988 4407 1077 4461 Aooot
1091 4408 1152 4462 and
1163 4408 1290 4462 Conveni
1304 4408 1340 4476 of
1351 4407 1507 4476 Eynsleam,

316 4491 341 4543 is
356 4489 503 4544 instituted
505 4493 613 4558 parson
624 4491 655 4558 os
670 4489 756 4542 Little
768 4489 929 4559 Rolln'gltt]

340 4594 669 4658 Rouucuuurcuru
694 4593 982 4675 Parva-Hugo
1005 4593 1048 4657 de
1071 4594 1197 4659 Sancto
1222 4591 1414 4669 Edmundo,
1435 4612 1508 4675 pre-

248 4709 399 4764 sentatus
422 4718 480 4780 per
505 4695 675 4760 Abbatem
698 4706 732 4759 et
754 4709 958 4760 conventum
984 4696 1176 4760 Einesham’
1197 4695 1240 4759 ad
1263 4694 1439 4759 ecclesiam
1462 4695 1506 4760 de

252 4804 358 4867 Parva
375 4799 634 4875 Rollendricthe,
650 4799 738 4863 facta
753 4800 844 4883 prius
861 4800 1075 4883 inquisitione
1088 4819 1146 4882 per
1159 4799 1210 4876 A,
1221 4796 1506 4861 Archidiaconum

252 4904 374 4982 Oxon',
390 4923 573 4987 perquam,
589 4912 660 4978 etc,
676 4903 719 4966 ad
735 4904 877 4968 eandem
893 4903 1060 4967 admissus
1075 4913 1128 4968 est
1142 4923 1218 4967 cum
1238 4922 1337 4966 onere
1358 4910 1393 4964 et
1411 4921 1508 4984 pena,

250 5023 322 5086 etc,
336 5020 371 5072 et
386 5007 583 5072 mandatum
599 5017 651 5072 est
666 5007 757 5072 dicto
774 5008 1022 5073 Archidiacono
1038 5019 1084 5086 ut,
1098 5017 1160 5072 etc.
