3609 5642
602 563 782 660 Episcopi
794 563 1080 636 Lz'ncolnz‘ense's.
1429 586 1495 657 155

229 813 379 886 captam,
393 802 530 866 Abbate
541 803 642 866 etiam
654 813 688 866 et
704 815 870 868 conventu
882 803 997 868 Sancti
1008 802 1126 884 Jacobi
1143 802 1174 866 N
1177 803 1419 884 orhamptonie,
1432 801 1496 883 juri

230 927 294 970 suo
317 906 410 989 quod
436 927 472 970 sc
499 907 622 970 habere
645 906 804 970 dicebant
828 909 861 968 in
881 907 1102 970 advocatione
1121 905 1273 987 ejusdem
1296 907 1435 970 ecclesie
1455 906 1497 970 de

231 1013 450 1093 Bramptone,
465 1011 643 1074 occasione
658 1009 832 1093 cujusdem
848 1021 940 1074 carte
957 1032 1059 1093 quam
1077 1012 1194 1074 Petrus
1219 1013 1325 1094 Pycot
1347 1012 1395 1074 eis
1418 1011 1497 1074 inde

229 1115 383 1192 contulit,
400 1135 459 1197 per
482 1114 608 1177 litteras
630 1135 707 1176 suas
729 1123 881 1197 patentes
905 1115 1184 1200 renuntiantibus,
1200 1135 1258 1196 per
1278 1134 1352 1195 que,
1367 1123 1438 1189 etc,
1453 1114 1497 1177 ad

229 1218 376 1282 eandem
393 1218 558 1282 admissus
574 1227 634 1292 est,
650 1218 788 1282 domino
806 1219 896 1301 Pape
912 1239 988 1281 cum
1009 1239 1050 1281 eo
1065 1218 1289 1301 dispensante.
1337 1219 1382 1283 Et
1404 1238 1496 1281 man-

228 1322 351 1386 datum
367 1332 418 1385 est
433 1320 584 1403 predicto
601 1319 745 1386 Officiali
762 1332 807 1398 ut,
823 1331 885 1385 etc.

229 1665 329 1732 [John
340 1665 374 1718 de
385 1665 490 1734 Burgo,
502 1665 672 1728 sub-deacen,
684 1665 834 1733 presented
844 1665 876 1733 by
888 1665 981 1732 Ralple
993 1681 1044 1717 son
1061 1666 1096 1732 of
1108 1664 1257 1734 Reginaid,
1269 1666 1294 1716 is
1307 1663 1454 1716 instituted
1467 1669 1495 1716 te

296 1747 342 1800 tlte
352 1747 452 1800 chureii
464 1748 501 1814 of
510 1747 587 1800 Eest
599 1747 734 1816 Cortice]

322 1866 785 1948 KARLETONE.-Johannes
814 1865 857 1929 de
882 1866 1004 1948 Burgo,
1027 1865 1262 1942 subdiaconus
1286 1875 1496 1948 presentatus

228 1993 291 2056 per
315 1969 497 2034 Radulsum
522 1969 626 2033 filium
651 1969 829 2052 Reginaldi
853 1969 896 2032 ad
925 1970 1100 2033 ecclesiam
1125 1969 1168 2032 de
1193 1970 1385 2046 Karletone,
1409 1969 1497 2032 sacta

229 2077 323 2160 prius
340 2074 554 2156 inquisitione
573 2095 631 2156 per
652 2074 851 2155 Magistrum
875 2073 1124 2148 S.,0fficia1em
1146 2073 1422 2155 Norhamptonie,
1438 2094 1498 2155 per

229 2199 345 2262 quam,
363 2187 435 2252 etc,
454 2175 496 2238 ad
517 2177 659 2240 eandem
680 2176 846 2239 admissus
865 2187 925 2252 est,
940 2185 1002 2239 etc.
1050 2176 1095 2238 Et
1116 2176 1313 2239 mandatum
1333 2186 1385 2239 est
1404 2176 1496 2239 dicto

230 2282 377 2348 Officiali
394 2290 440 2358 ut,
455 2291 515 2344 etc.
562 2280 617 2362 [In
634 2281 686 2343 the
702 2281 832 2362 margin
844 2280 914 2363 .·—-]
939 2281 1070 2344 Desunt
1083 2281 1192 2344 littere
1206 2281 1471 2364 presentationis.

230 2626 376 2696 [Wlliam
393 2626 428 2678 de
451 2625 632 2688 Whichetone,
652 2624 820 2687 sed-decen,
839 2623 986 2691 presented
1005 2625 1038 2693 by
1060 2625 1184 2676 Wlliam
1208 2624 1242 2677 de
1268 2623 1449 2687 Whichetone,
1471 2626 1496 2676 is

299 2708 445 2761 instincted
458 2713 485 2761 te
501 2709 545 2760 tite
562 2707 661 2761 chureii
679 2709 715 2775 of
730 2707 861 2770 Whiston,
880 2711 984 2759 vacant
999 2707 1033 2775 by
1050 2707 1095 2759 tlte
1111 2706 1284 2774 resignation
1300 2708 1336 2773 es
1347 2706 1446 2759 Simon
1463 2706 1497 2757 (le

303 2790 498 2859 Whichetone]

323 2908 808 2974 WICHETONE.-Willelmus
838 2908 880 2971 de
905 2907 1137 2984 Whichetone,
1163 2908 1396 2983 subdiaconus
1423 2929 1495 2990 pre-

231 3023 386 3076 sentatus
405 3033 464 3094 per
484 3011 691 3074 Willelmum
712 3011 755 3075 de
775 3012 1009 3088 Whichetone,
1029 3010 1178 3086 militem,
1195 3011 1238 3074 ad
1257 3011 1432 3086 ecclesiam
1453 3011 1496 3074 dc

231 3117 467 3191 Whichetone,
483 3125 659 3178 vacantem
683 3136 742 3197 per
758 3116 1017 3198 resignationem
1041 3115 1189 3179 Simonis
1205 3114 1248 3177 de
1264 3114 1307 3175 W
1310 3114 1495 3188 hichetone,

232 3221 322 3284 sacta
339 3221 429 3303 prius
446 3220 660 3302 inquisitione
676 3240 735 3301 per
749 3219 948 3302 Magistrum
962 3219 1005 3296 S,
1016 3218 1204 3283 Officialem
1220 3218 1496 3299 Norhamptonie,

233 3345 293 3407 per
315 3344 429 3405 quam,
448 3333 519 3400 etc,
540 3322 582 3386 ad
606 3323 748 3385 eandem
772 3323 938 3385 admissus
960 3332 1020 3399 est,
1041 3332 1101 3385 etc.
1149 3321 1194 3384 Et
1220 3321 1417 3383 mandatum
1445 3330 1495 3384 est

230 3427 323 3490 dicto
341 3425 484 3491 Officiali
504 3436 550 3502 ut,
566 3436 626 3489 etc.

230 3724 388 3794 [Regimzld
407 3725 440 3777 de
467 3723 615 3788 Haustede,
638 3723 809 3782 sub-deacen.
830 3723 981 3791 presented
999 3724 1032 3790 by
1053 3724 1100 3775 tire
1122 3722 1208 3775 Prior
1227 3721 1287 3774 and
1315 3722 1440 3774 Conveni
1462 3722 1498 3789 os

301 3805 442 3874 Coventry,
456 3807 480 3858 is
491 3805 639 3858 instituted
647 3813 674 3858 to
685 3805 730 3858 tire
741 3805 840 3859 chureii
853 3806 888 3874 os
900 3804 1056 3872 anick.]

321 3924 821 4008 WINEWICHE.--Reginaldus
842 3925 885 3988 de
908 3923 1091 4000 Haustede,
1106 3922 1340 3998 subdiaconus,
1361 3943 1494 4005 presen-

232 4040 324 4094 tatus
351 4050 410 4112 per
435 4030 582 4092 Priorem
612 4039 648 4092 et
673 4038 874 4092 conventum
903 4027 946 4090 de
978 4028 1156 4092 Coventria
1183 4026 1225 4089 ad
1251 4026 1425 4090 ecclesiam
1451 4025 1494 4088 de

232 4133 404 4209 Winewic,
434 4133 522 4196 sacta
553 4133 643 4214 prius
674 4133 887 4216 inquisitione
919 4153 976 4214 per
1008 4132 1208 4214 Magistrum
1237 4130 1280 4206 S,
1307 4129 1493 4194 Officialem

234 4237 511 4318 Norhamptonie,
536 4256 729 4319 perquam,
752 4245 823 4312 etc,
846 4236 889 4300 ad
915 4235 1058 4299 eandem
1086 4233 1252 4298 admissus
1275 4243 1334 4308 est,
1350 4243 1420 4309 etc,
1436 4253 1495 4314 per

233 4341 286 4404 W.
301 4339 344 4404 de
362 4341 500 4417 Winch',
516 4350 763 4423 procuratorem
780 4360 877 4402 suum
895 4339 928 4401 in
945 4339 1016 4402 hoc.
1063 4339 1108 4401 Et
1125 4338 1321 4400 mandatum
1337 4348 1387 4399 cst
1403 4336 1494 4399 dicto

235 4443 378 4510 Officiali
395 4453 441 4520 ut,
456 4453 516 4507 etc.
545 4505 548 4514 ,

238 4701 348 4768 [Philip
358 4699 393 4752 de
409 4699 699 4762 Waudesueeeacen,
707 4699 856 4766 presented
863 4699 950 4767 hythe
960 4698 1113 4752 Priorand
1120 4699 1246 4751 convent
1255 4700 1291 4764 of
1297 4697 1336 4750 St.
1351 4696 1494 4756 Onvalds,

298 4781 411 4844 Nostell,
430 4779 528 4844 tores,
541 4782 567 4833 is
577 4780 722 4833 instituted
731 4786 758 4833 to
769 4781 815 4834 the
825 4780 926 4834 chureii
938 4781 974 4848 es
983 4779 1183 4845 Chanvelton.]

321 4899 847 4981 CHERWALTONE.—Philippus
871 4899 914 4963 de
934 4898 1076 4976 Wauda,
1099 4897 1333 4972 subdiaconus,
1360 4917 1493 4978 presen-

232 5015 324 5070 tatus
355 5025 415 5088 per
453 5005 598 5068 Priorem
628 5014 663 5067 et
692 5013 894 5068 conventum
927 5003 1042 5068 Sancti
1075 5002 1223 5067 Oswaldi
1256 5001 1416 5074 Nostelle,
1446 5000 1489 5063 ad
