3609 5642
328 528 394 620 136
664 529 799 601 Rutuli
824 527 999 627 Hugouz's
1024 528 1068 602 ele
1103 527 1235 602 Welles

893 681 1010 688 —.-..
1067 678 1326 685 ——-—...-—
1358 681 1420 685 ..—

320 758 420 827 [loisn
438 761 576 828 chaplain
596 763 621 813 is
639 763 785 815 instituted
792 768 820 816 to
836 763 881 817 itu
896 765 1027 831 vacarage
1042 764 1079 831 of
1089 762 1185 831 Astity
1201 764 1241 817 St.
1258 763 1388 830 Ledgers.
1404 779 1441 816 on
1459 763 1505 816 tte
1518 767 1583 830 pre-

385 843 521 895 sentation
532 845 568 911 os
574 843 619 897 tie-e
629 843 717 896 Prior
724 845 785 898 and
796 846 923 898 Conuent
931 847 966 914 os
972 845 1081 905 mnne,
1094 845 1320 912 Leiccstersteire]

410 961 551 1026 ESSEBY
589 964 977 1047 vlCARIA.-Johannes,
1012 964 1236 1046 cappellanus
1275 973 1485 1045 presentatus
1524 984 1584 1045 per

324 1065 467 1127 Priorem
491 1075 525 1128 et
548 1077 748 1129 conventum
766 1067 808 1130 de
834 1067 952 1131 Landa
975 1067 1017 1130 ad
1041 1077 1237 1148 perpetuam
1261 1067 1417 1129 vicariam
1441 1065 1582 1130 ecclesie

320 1167 362 1230 de
380 1168 520 1250 Esseby,
537 1169 624 1233 facta
636 1172 726 1252 prius
737 1172 952 1253 inquisitione
963 1193 1021 1254 per
1033 1170 1317 1234 Archidiaconum
1335 1170 1582 1232 Norhamtonic

321 1292 379 1352 per
394 1292 504 1353 quam,
519 1284 589 1349 etc,
605 1273 646 1336 ad
671 1274 811 1337 eandem
835 1276 1034 1339 auctoritate
1057 1274 1196 1339 Concilii
1213 1294 1273 1356 per
1287 1274 1463 1336 dominum
1482 1273 1581 1357 Epis-

320 1395 440 1457 copum
466 1377 662 1455 ordinatam,
679 1389 715 1441 ut
739 1379 770 1441 in
797 1380 905 1441 rotulo
929 1379 1134 1454 vicariatum,
1150 1377 1315 1441 admissus
1339 1387 1399 1454 est,
1415 1388 1487 1452 etc,
1502 1397 1581 1440 cum

319 1499 419 1542 onere
434 1491 467 1543 et
492 1501 577 1562 pena
601 1481 804 1545 vicariorum.
853 1483 897 1546 Et
922 1483 1118 1546 mandatum
1142 1491 1193 1544 est
1216 1481 1307 1544 dicto
1332 1480 1583 1544 Archidiacono

320 1591 366 1658 ut,
381 1594 442 1647 etc.

319 1840 456 1909 [Richard
472 1841 506 1894 de
528 1842 680 1908 Wigornia,
700 1843 870 1905 meduan,
887 1859 920 1896 as
938 1844 963 1896 is
981 1843 1098 1912 alleged
1112 1843 1262 1910 presented
1270 1842 1303 1910 by
1322 1842 1368 1894 the
1386 1841 1474 1895 Prior
1488 1844 1525 1910 os
1535 1842 1583 1895 tlte

383 1923 576 1991 Hospetullers,
589 1926 614 1978 is
625 1925 770 1978 instituted
784 1927 864 1978 vicar
872 1928 909 1994 os
916 1926 1073 1994 Cosgroue]

406 2036 873 2101 COVESGRAVE.—Ricardus
895 2038 938 2101 de
957 2038 1141 2120 Wigornia,
1156 2036 1381 2100 subdiaconus
1398 2046 1434 2099 ut
1449 2034 1582 2112 dicitur,

320 2149 528 2222 presentatus
545 2161 602 2222 per
614 2141 760 2203 Priorem
780 2140 916 2203 fratrum
932 2141 1120 2223 Hospitalis
1129 2139 1389 2221 Jerosolimitani
1404 2140 1436 2202 in
1453 2139 1582 2221 Anglia

318 2242 360 2305 ad
377 2243 550 2306 ecclesiam
567 2242 610 2306 de
634 2244 851 2326 Covesgrave,
867 2255 1043 2308 vacantem
1060 2264 1101 2307 eo
1122 2244 1213 2325 quod
1237 2244 1298 2320 W„
1315 2244 1451 2307 ultimus
1475 2244 1581 2326 ipsius

319 2357 433 2422 rector,
463 2346 504 2409 ad
537 2346 687 2410 ordinem
723 2346 861 2411 fratrum
892 2349 1057 2411 minorum
1094 2369 1130 2411 se
1160 2348 1333 2424 convertit,
1365 2347 1453 2412 iacta
1488 2347 1581 2430 prius

319 2449 532 2531 inquisitione
556 2471 614 2533 per
639 2450 923 2513 Archidiaconum
942 2451 1220 2532 Norhamptonie,
1236 2472 1295 2532 per
1317 2471 1429 2533 quam,
1443 2459 1515 2527 etc,
1535 2449 1581 2512 ad

318 2553 460 2616 eandem
484 2553 650 2618 admissus
666 2565 726 2630 est,
749 2564 810 2619 etc.
858 2555 903 2617 Et
927 2553 1123 2619 mandatum
1140 2565 1191 2618 est
1213 2555 1306 2618 dicto
1330 2554 1581 2618 Archidiacono

319 2665 363 2733 ut,
379 2666 440 2720 etc.

317 2913 430 2981 [Ralplt
435 2915 577 2982 sornurly
587 2920 676 2968 rector
685 2916 720 2983 of
730 2915 865 2983 Thornby,
874 2915 1022 2983 presented
1027 2915 1061 2984 by
1070 2915 1162 2983 Hugh
1174 2915 1208 2968 de
1217 2915 1386 2982 Crarusleya,
1399 2917 1424 2968 is
1437 2915 1586 2969 instituted

383 3000 410 3048 to
422 2995 467 3047 the
477 2995 578 3048 chureii
588 2997 623 3063 os
632 2996 782 3065 Crausley]

407 3104 891 3184 GRANESLEYA.—Radulfus‚
915 3108 1005 3190 prius
1030 3117 1137 3170 rector
1164 3107 1302 3170 ecclesie
1326 3107 1369 3170 de
1398 3106 1582 3189 Thurleby,

320 3219 529 3291 presentatus
546 3230 605 3291 pes
630 3209 810 3291 Hugonem
828 3209 871 3274 de
894 3210 1098 3292 Cranesleya
1114 3211 1155 3274 ad
1180 3211 1354 3274 ecclesiam
1371 3209 1414 3272 de
1438 3210 1580 3274 Cranes-

320 3313 405 3394 leya,
422 3311 508 3375 facta
525 3313 614 3394 prius
631 3313 844 3394 inquisitione
859 3334 919 3395 per
936 3314 985 3390 R.,
1002 3314 1284 3377 Archidiaconum
1303 3313 1581 3396 Norhamptonie,

319 3438 378 3499 per
400 3437 511 3498 quam,
527 3426 597 3491 etc,
612 3416 655 3479 ad
679 3417 820 3481 eandem
844 3417 1011 3481 admissus
1033 3428 1094 3494 est,
1111 3429 1182 3494 etc,
1201 3428 1238 3480 ut
1261 3437 1369 3500 supra
1416 3416 1462 3480 Et
1485 3436 1581 3480 man-

319 3520 435 3584 datum
452 3529 504 3583 est
519 3518 610 3582 dicto
626 3519 875 3584 Archidiacono
890 3531 936 3599 ut,
951 3531 1012 3585 etc.

318 3863 457 3933 [Richard
464 3864 499 3916 de
512 3863 618 3926 Cannis,
632 3863 769 3931 chaplain,
783 3864 898 3917 collated
906 3865 939 3933 by
950 3865 995 3917 the
1005 3864 1119 3931 Bs'stson
1130 3865 1192 3917 and
1204 3864 1372 3932 cumaeis
1383 3863 1534 3931 presented
1546 3864 1581 3932 by

384 3946 429 3999 the
447 3945 535 3998 Altos
548 3945 609 3998 and
625 3945 751 3999 Convent
760 3947 795 4014 os
807 3946 898 4014 Sulby‚
911 3948 936 3998 is
954 3947 1100 4000 instituted
1113 3953 1140 4000 to
1156 3947 1202 3999 tiu
1223 3946 1323 3999 cumn
1340 3947 1376 4014 of
1395 3947 1483 3999 Great
1503 3945 1581 3999 Har·

384 4027 504 4081 rowden.
538 4027 566 4078 A
573 4029 691 4095 pensim
703 4029 739 4096 of
744 4043 795 4080 one
807 4029 888 4082 mark
898 4029 923 4080 is
934 4029 1064 4082 reserued
1071 4035 1099 4081 to
1109 4029 1155 4081 tiu
1165 4029 1302 4094 convent]

409 4139 906 4221 Hominemne-Magister
921 4140 1085 4203 Ricardus
1100 4139 1143 4203 de
1160 4139 1290 4216 Cantia,
1306 4139 1510 4222 capellanus,
1526 4141 1579 4203 cui

319 4243 477 4306 dominus
502 4241 689 4325 Episcopus
712 4243 885 4306 ecclesiam
912 4242 1046 4324 majoris
1072 4243 1312 4318 Harewedone,
1342 4263 1418 4305 cum
1449 4242 1582 4325 capella

322 4346 458 4409 minoris
471 4345 710 4422 Harewedone,
722 4347 921 4411 auctoritate
932 4346 1082 4411 Contulit
1094 4347 1231 4422 concilii,
1243 4355 1453 4428 presentatus
1463 4355 1584 4429 postea

323 4472 380 4534 per
405 4450 574 4513 Abbatem
602 4460 635 4513 ct
666 4461 869 4513 conventum
901 4450 945 4514 de
975 4450 1102 4532 Suleby
1125 4449 1167 4513 ad
1198 4449 1351 4526 eandem,
1374 4449 1463 4513 facta
1488 4451 1581 4533 prius

322 4555 535 4637 inquisitione
565 4574 624 4636 per
662 4553 710 4629 R.‚
743 4552 1024 4616 Archidiaconum
1065 4552 1340 4635 Norhamptonie,
1373 4562 1407 4615 et
1438 4555 1582 4635 receptis

322 4658 439 4722 litteris
455 4656 582 4719 domini
600 4657 703 4738 Regis
719 4657 968 4720 continentibus
984 4656 1073 4738 quod
1100 4656 1266 4718 Robertus
1282 4654 1325 4717 de
1351 4656 1581 4739 Muschamps’

322 4760 514 4842 recognovit
530 4768 563 4821 et
579 4759 743 4821 concessit
768 4759 908 4821 incuria
931 4779 991 4821 sua
1006 4758 1096 4840 apud
1114 4758 1452 4821 Westmonasterium
1476 4758 1581 4822 advo-

322 4863 487 4927 cntionem
504 4862 641 4924 ecclesie
657 4861 699 4924 dc
719 4861 958 4938 Harcwedone,
968 4882 1043 4924 cum
1055 4862 1272 4943 pertinentiis,
1282 4881 1355 4923 esse
1368 4860 1422 4942 jus
1438 4859 1581 4926 Walteri

324 4967 469 5030 Abbatis
499 4975 533 5028 et
562 4965 700 5029 ecclesie
728 4965 831 5028 Beate
860 4966 965 5029 Marie
991 4966 1033 5029 de
1059 4964 1194 5047 Suleby,
1220 4974 1254 5028 et
1277 4964 1367 5028 illam
1395 4964 1523 5028 remisit
1547 4977 1584 5030 et
