3609 5642
609 566 1083 662 Episcopz'Lincolnzenszs.
1427 570 1448 638 8
1453 591 1473 659 3

212 822 326 884 quarn,
363 813 436 879 ete,
473 802 515 867 ad
553 803 695 867 eandem
735 803 952 868 medietatem
990 803 1157 866 admissus
1187 812 1248 878 est,
1277 814 1349 880 etc,
1379 805 1471 868 salva

214 905 381 988 Magistro
398 906 532 988 Rogero
547 906 590 970 de
607 908 705 989 Bray,
720 907 855 971 alterius
872 906 1063 971 medietatis
1080 927 1229 989 persone,
1245 908 1367 970 vicaria
1382 908 1471 973 dicte

213 1008 405 1073 medietatis
441 1010 561 1086 eidem,
598 1011 640 1074 de
678 1032 814 1075 assensu
853 1011 1019 1074 dictorum
1068 1010 1212 1086 Ricardi,
1250 1031 1399 1093 persone,
1436 1022 1470 1076 et

213 1111 384 1188 Willelmi,
414 1114 554 1195 patroni,
584 1115 776 1196 assignata;
799 1116 856 1196 qui
888 1114 1024 1197 quidem
1057 1115 1211 1196 Rogerus
1241 1125 1347 1178 totam
1378 1117 1468 1180 illam

212 1216 429 1281 medietatem
446 1217 573 1281 tenebit
597 1219 841 1300 quoadvixerit,
858 1217 1029 1281 reddendo
1055 1216 1133 1281 inde
1155 1218 1247 1282 dicto
1270 1220 1415 1283 Ricardo
1436 1232 1470 1285 et

212 1320 459 1384 successoribus
500 1323 577 1397 suis
619 1323 722 1404 ipsius
760 1322 951 1386 medietatis
993 1322 1152 1405 personis,
1190 1321 1307 1403 viginti
1345 1324 1469 1388 solidos

213 1444 343 1487 annuos
359 1426 494 1488 nomine
511 1426 689 1507 pensionis
737 1426 789 1488 De
805 1426 896 1489 dono
911 1426 1013 1490 etiam
1029 1424 1157 1488 domini
1183 1425 1341 1508 Episcopi
1362 1428 1469 1493 solvet
1493 1425 1496 1437 '

215 1528 304 1591 idem
335 1529 486 1610 Rogerus
502 1528 594 1593 dicto
622 1530 767 1593 Ricardo
788 1529 949 1612 quamdiu
974 1530 1095 1593 vixerit
1120 1528 1293 1592 dimidiam
1322 1550 1468 1594 marcam

216 1652 363 1696 annuam
393 1633 450 1716 [de
475 1653 606 1697 camera
630 1633 774 1698 inserted
793 1634 889 1697 above
913 1633 966 1697 tire
988 1633 1075 1715 lr'ne].
1126 1633 1171 1697 Et
1196 1632 1392 1697 mandatum
1419 1645 1471 1698 est

212 1737 307 1801 dicto
324 1737 572 1800 Archidiacono
589 1748 634 1814 ut,
649 1747 709 1802 etc.

211 1907 374 1976 [Gitbertde
385 1907 470 1968 Heia.
482 1907 650 1970 sirie-deacon,
663 1923 698 1960 on
710 1907 756 1960 tire
762 1908 950 1975 presentationi
961 1908 998 1975 of
1003 1906 1105 1961 Robert
1113 1906 1147 1960 de
1161 1906 1312 1972 Cleetwode,
1323 1907 1431 1976 ineptit,
1444 1910 1469 1962 is

276 1990 422 2042 instituted
430 1995 457 2043 to
467 1990 513 2042 tlte
523 1990 623 2042 chureii
634 1991 670 2058 os
678 1990 843 2059 Ctetwode.]

300 2109 743 2174 CHETWODE.—Gilbertus
758 2109 801 2172 de
820 2109 920 2186 Hida,
936 2109 1171 2185 subdiaconus,
1188 2119 1398 2193 presentatus
1411 2131 1470 2193 per

212 2212 397 2276 Robertum
415 2213 457 2276 de
474 2212 665 2288 Chetwode,
682 2213 832 2288 militem,
848 2213 890 2276 ad
913 2213 1088 2276 ecclesiam
1110 2212 1365 2290 deChetwode,
1381 2213 1469 2278 iacta

211 2317 302 2398 prius
318 2316 532 2398 inquisitione
556 2336 615 2398 per
641 2316 695 2394 M,
712 2315 998 2379 Archidiaconum
1022 2310 1394 2398 Buckinghamiensem,
1411 2338 1469 2400 per

210 2441 322 2504 quam,
344 2431 416 2496 etc,
438 2420 481 2483 ad
505 2419 648 2484 eandem
672 2420 838 2483 admissus
861 2430 923 2496 est,
938 2431 1009 2497 etc,
1024 2429 1059 2483 et
1083 2420 1280 2483 mandatum
1304 2431 1355 2484 est
1378 2421 1470 2486 dicto

212 2523 460 2588 Archidiacono
477 2534 522 2600 ut,
537 2535 598 2588 etc.

253 2741 257 2750 ·
302 2697 371 2784 [On
387 2698 440 2761 the
460 2699 552 2761 dorse
571 2700 612 2778 of
626 2698 679 2761 tire
698 2699 950 2779 rnernbranefor
963 2699 1015 2761 tire
1035 2698 1286 2778 twenty-second
1294 2720 1382 2778 year
1389 2700 1459 2783 .·-]

212 2815 327 2884 [Robert
342 2815 376 2868 de
395 2815 499 2868 Sancta
518 2815 649 2882 Brigetio,
668 2829 762 2880 canon,
779 2814 929 2883 presented
942 2815 975 2884 ty
990 2814 1100 2867 Hubert
1113 2815 1147 2867 de
1162 2812 1272 2882 Burgle,
1290 2815 1429 2882 Justiciar
1442 2817 1478 2885 os

276 2897 421 2966 Engiand,
434 2897 571 2965 byreason
582 2899 618 2965 os
624 2898 668 2950 leis
679 2896 790 2965 nestody
797 2897 834 2965 of
839 2897 885 2950 ttre
892 2897 965 2949 lond
972 2897 1033 2949 ond
1040 2897 1143 2964 tetros
1148 2898 1193 2952 the
1204 2895 1279 2950 Ean
1289 2899 1467 2966 ofAmndel,

275 2980 300 3031 is
318 2978 465 3032 instituted
482 2983 509 3032 to
527 2979 573 3032 tire
589 2977 755 3045 Herrnitage
772 2980 808 3047 of
823 2979 981 3031 Cotesmore.
1020 2979 1077 3031 The
1093 2978 1269 3034 Archdeacon
1285 2980 1362 3033 studi
1375 2981 1469 3049 enjoin

275 3061 321 3114 tire
331 3061 468 3113 Bretteren
479 3062 516 3129 of
520 3060 667 3128 thutploce
678 3066 705 3113 to
716 3061 747 3114 oe
757 3061 881 3113 obedient
890 3067 918 3113 to
929 3060 1031 3113 Robert
1038 3077 1071 3113 as
1082 3062 1128 3115 ttre
1138 3062 1274 3132 worden]

298 3180 466 3245 Robertus
504 3180 546 3244 de
585 3181 710 3246 Sancta
749 3181 894 3262 Brigida,
932 3181 1121 3258 canonicus
1159 3193 1371 3266 presentatus
1409 3205 1468 3266 per
1556 3167 1561 3174 ¹

208 3285 383 3348 dominum
407 3285 597 3348 Hubertum
618 3284 660 3348 de
686 3285 806 3367 Burgo,
827 3285 1053 3366 Justiciarium
1080 3285 1210 3369 Anglie,
1232 3289 1360 3351 ratione
1384 3297 1469 3352 terre

208 3399 243 3453 et
258 3388 391 3452 heredis
408 3387 549 3451 Comitis
565 3387 608 3450 de
626 3387 798 3451 Arundell'
815 3389 847 3449 in
865 3407 965 3449 manu
988 3408 1048 3450 sua
1069 3389 1297 3466 existentium,
1314 3390 1355 3453 ad
1375 3391 1468 3455 here-

209 3492 385 3574 mitagium
413 3491 456 3554 de
483 3490 688 3567 Cotesmore‚
716 3490 803 3554 lacta
830 3491 921 3573 prius
947 3491 1160 3573 inquisitione
1186 3513 1245 3576 per
1271 3493 1327 3569 M,
1349 3493 1467 3558 Archi-

208 3597 388 3682 diaconum
415 3595 785 3679 Buckinghamiensem,
809 3616 867 3678 per
890 3617 1002 3677 quarn,
1025 3606 1096 3674 etc,
1119 3597 1162 3660 ad
1187 3598 1275 3661 idem
1301 3599 1467 3662 admissus

208 3712 269 3777 est,
283 3711 319 3764 et
338 3701 370 3762 in
392 3721 433 3762 eo
456 3701 617 3763 canonice
640 3711 753 3762 custos
777 3701 958 3764 institutus.
1005 3701 1051 3764 Et
1074 3701 1273 3766 mandatum
1301 3714 1352 3767 est
1376 3703 1467 3767 dicto

209 3803 458 3867 Archidiacono
496 3814 533 3867 ut
572 3804 680 3885 ipsum
721 3788 907 3866 Robertum
947 3804 979 3866 in
1018 3804 1224 3887 corporalem
1257 3805 1465 3889 heremitagii

209 3907 348 3991 predicti
376 3908 620 3989 possessionem
649 3908 795 3984 inducat,
823 3905 1001 3988 injungens
1031 3904 1182 3989 ejusdem
1213 3907 1277 3970 loci
1310 3908 1465 3972 fratribus

208 4010 298 4093 quod
329 4011 438 4074 eidem
472 4010 620 4073 Roberto
651 4021 812 4093 tanquam
843 4011 975 4073 custodi
1006 4011 1055 4073 sui
1088 4011 1154 4074 sint
1188 4011 1401 4076 intendentes
1431 4023 1465 4076 et

207 4114 411 4178 obedientes.

354 4289 815 4353 Burmannus-Annus
839 4288 1008 4352 Tnnnus
1033 4302 1080 4350 ur
1103 4289 1320 4353 V1cesnrus

206 4413 342 4482 [Richard
350 4413 385 4465 de
395 4413 587 4476 Polesworthe,
600 4413 736 4480 chaplain,
750 4413 774 4464 is
785 4411 929 4465 instituted
933 4416 1041 4480 parson
1053 4413 1088 4480 os
1103 4412 1241 4481 Radnage
1251 4429 1287 4467 on
1303 4415 1349 4468 tire
1355 4418 1466 4481 presen-

271 4496 358 4548 tation
370 4496 406 4563 of
419 4495 544 4547 Brother
552 4495 652 4548 Robert
668 4495 703 4548 de
719 4494 883 4563 Sondsnde,
898 4494 944 4546 the
961 4494 1075 4557 Master,
1088 4494 1149 4546 and
1163 4494 1209 4548 tlee
1219 4495 1357 4549 Brettrren
1373 4497 1409 4564 of
1420 4497 1465 4549 ttee

270 4577 399 4646 Ir'rre'gdts
414 4577 576 4645 Templum]

294 4687 777 4752 RADENACCHE.—Ricardus
792 4687 835 4752 de
859 4687 1093 4764 Polesworthe,
1109 4688 1309 4769 capellanus,
1330 4710 1463 4771 presen-

203 4802 294 4856 tatus
315 4812 375 4875 per
399 4791 548 4855 Fratrem
574 4792 759 4854 Robertum
783 4792 825 4855 de
849 4790 1047 4866 Sandforde,
1064 4791 1274 4873 Magistrum,
1288 4802 1323 4856 et
1346 4791 1463 4856 iratres

204 4897 348 4960 militum
366 4896 499 4978 Templi
517 4897 549 4958 in
568 4895 692 4978 Anglia
704 4896 750 4959 ad
767 4895 940 4959 ecclesiam
961 4895 1004 4958 de
1021 4895 1253 4972 Radenacche,
1269 4895 1356 4959 sacta
1372 4897 1462 4979 prius

203 5001 420 5086 inquisitione
436 5020 493 5084 per
511 5001 566 5075 M,
590 4998 874 5066 Archidiaconum
899 4999 1271 5084 Buckinghamiensem,
1286 5021 1345 5084 per
1360 5021 1461 5083 quam

1086 5119 1105 5154 0
1346 5124 1364 5166 o
1381 5123 1396 5162 2
