3609 5642
388 602 392 609 ·
573 571 750 667 Episcopi
765 571 1048 644 Lz‘ncolnimsz's.
1370 595 1387 644 2
1395 592 1439 663 53

185 808 251 875 [The
260 808 418 860 institution
429 807 466 875 of
473 806 574 861 Robm
581 807 616 859 de
627 806 793 875 Dogmhall
801 812 829 861 to
839 806 884 860 ttae
895 808 995 861 chureii
1008 809 1045 876 of
1055 808 1202 877 Thmby;
1218 824 1261 861 see
1267 811 1297 875 p.
1312 810 1382 874 raa]

266 925 705 991 THURLEBt'‚--Omnibus
720 937 782 990 etc.
829 926 970 990 Noverit
985 928 1183 991 universitas
1196 938 1305 991 vestra
1321 947 1383 990 nos
1398 928 1441 991 ad

185 1032 465 1109 presentationem
491 1031 629 1094 Roberti
653 1030 696 1093 de
720 1030 861 1113 Esseby,
877 1032 1009 1113 patroni
1034 1032 1173 1095 ecclesie
1196 1032 1238 1095 de
1261 1030 1443 1115 Thurleby,

183 1137 338 1199 dilectum
365 1136 397 1197 in
424 1134 559 1198 Christo
582 1134 686 1197 lilium
714 1134 900 1197 Robertum
925 1134 967 1198 de
993 1135 1200 1217 Dagenhale,
1217 1136 1384 1212 clericum,
1399 1136 1442 1199 ad

182 1238 321 1302 candem
337 1237 514 1301 ecclesiam
531 1237 723 1301 admississe
740 1239 918 1320 ipsumque
942 1238 974 1301 in
991 1260 1031 1301 ea
1047 1249 1118 1315 etc.‚
1135 1240 1227 1302 salva
1251 1238 1444 1303 Thurstano

183 1341 354 1425 capellano
385 1362 445 1403 sua
478 1351 639 1424 perpetua
669 1342 800 1417 vicaria,
824 1344 880 1424 qui
912 1352 1019 1405 totam
1052 1343 1227 1406 ecclesiam
1257 1343 1441 1425 predictam

183 1444 306 1509 tenebit
327 1444 439 1527 quoad
457 1444 588 1519 vixerit,
605 1444 777 1508 reddendo
801 1443 879 1507 inde
894 1444 986 1508 dicto
1005 1446 1155 1509 Roberto
1177 1445 1222 1509 de
1245 1445 1444 1529 Dagenhale.

183 1560 215 1612 et
249 1546 498 1610 successoribus
530 1550 607 1623 suiS,
632 1548 737 1630 ipsius
767 1548 906 1612 ecclesie
938 1551 1097 1631 personis,
1129 1551 1276 1632 quinque
1315 1570 1443 1613 marcas

184 1672 308 1715 annuas
334 1652 471 1714 nomine
498 1652 692 1734 pensionis;
725 1649 826 1713 salvis
849 1661 913 1714 etc.
960 1650 1061 1734 Quod
1087 1663 1124 1715 ut
1145 1661 1217 1727 etc.‚
1241 1651 1383 1715 testibus
1408 1662 1443 1715 et

184 1756 259 1818 data
274 1766 312 1819 ut
328 1755 361 1817 in
378 1765 471 1818 carta
486 1755 529 1819 de
545 1753 740 1837 Cibecey-in
757 1754 1029 1818 archidiaconatu
1050 1755 1232 1819 Lincolnie.

184 2100 251 2164 [The
260 2100 421 2152 instinctrbn
431 2098 468 2167 of
472 2097 564 2166 Hugh
576 2098 611 2151 dc
621 2099 732 2152 Stiuect
743 2105 771 2152 to
782 2099 827 2152 the
837 2098 939 2152 chrtrclt
952 2100 988 2167 of
997 2099 1129 2152 &endon
1138 2116 1151 2161 ,·
1167 2116 1209 2152 sec
1215 2103 1246 2167 p.
1262 2098 1328 2167 ros]

267 2217 712 2283 (incubone-Omnibus
739 2231 800 2283 etc.
848 2218 990 2283 Noverit
1021 2222 1220 2284 universitas
1243 2230 1353 2285 vestra
1384 2240 1444 2282 nos

185 2324 224 2386 ad
255 2322 541 2406 presentationem
573 2321 693 2385 nobilis
723 2324 785 2385 viri
816 2323 990 2405 Johannis,
1016 2326 1149 2388 comitis
1179 2324 1444 2407 Huntingdonie,

186 2428 314 2509 patroni
329 2426 470 2490 ecclesie
484 2424 527 2489 de
544 2426 734 2502 Grendone,
750 2426 911 2490 dilectum
937 2429 969 2491 in
987 2428 1121 2492 Christo
1137 2428 1242 2491 filium
1262 2428 1443 2509 Hugonem

185 2533 224 2596 de
250 2531 397 2607 Stiuecl',
422 2530 590 2606 clericum,
615 2530 657 2593 ad
685 2530 827 2595 eandem
859 2532 1033 2595 ecclesiam
1063 2533 1238 2595 admisisse
1269 2534 1445 2615 ipsumque

185 2646 266 2711 etc.;
291 2634 394 2698 salvis
421 2643 482 2698 etc.
539 2632 640 2716 Quod
672 2645 709 2697 ut
733 2644 805 2709 etc.‚
828 2635 970 2698 testibus
997 2646 1031 2699 et
1056 2637 1136 2699 data
1162 2648 1198 2698 ut
1226 2637 1259 2698 in
1285 2646 1378 2698 carta
1402 2635 1444 2699 de

187 2739 362 2822 Cybeceya
379 2739 412 2801 in
429 2738 699 2801 archidiaconatu
719 2738 900 2801 Lincolnie.

271 3006 341 3090 [On
358 3006 412 3070 tlte
425 3006 517 3069 dorse
527 3006 596 3090 .·—]

188 3143 224 3207 [Α
240 3142 396 3195 nlaxotrbn
413 3142 448 3208 os
461 3159 494 3193 20
509 3140 579 3209 days
594 3142 630 3208 of
637 3143 762 3207 penante
777 3146 804 3193 to
817 3141 860 3193 all
874 3140 940 3192 who
956 3143 1104 3195 contn'bute
1120 3150 1147 3194 to
1164 3141 1209 3193 tlte
1220 3140 1350 3207 narrating
1361 3139 1397 3207 ff
1403 3138 1447 3191 tlte

248 3222 350 3276 ciurcb
362 3224 398 3291 os
404 3222 458 3275 All
467 3223 571 3280 Saints,
584 3221 792 3288 Nortlmmpton
800 3240 813 3283 ,·
831 3222 893 3274 Feb,
909 3241 945 3287 14,
961 3224 1046 3289 1232]

271 3342 441 3407 Omnibus
464 3350 525 3405 etc.
572 3340 657 3405 Cum
681 3340 783 3404 decor
805 3341 928 3405 domus
953 3343 1016 3406 Dei
1041 3344 1084 3405 sit
1103 3342 1264 3425 exemplo
1285 3339 1447 3424 prophete

188 3445 376 3529 diligendus
395 3456 430 3509 et
450 3445 525 3508 loca
546 3466 639 3507 sacra
661 3455 853 3509 construere
877 3448 996 3509 merito
1016 3447 1202 3529 computari
1223 3445 1345 3509 debeat
1365 3445 1449 3507 inter

188 3570 285 3631 opera
316 3549 474 3625 caritatis,
505 3549 756 3611 universitatem
788 3561 933 3613 vestram
967 3551 1161 3632 rogandam,
1187 3546 1389 3612 monendam
1414 3556 1448 3609 et

188 3652 432 3716 exhortandam
471 3652 632 3715 duximus
671 3653 704 3715 in
746 3654 896 3716 Domino
933 3656 1090 3735 quatinus
1129 3653 1170 3717 ad
1201 3652 1446 3717 edificationem

187 3757 323 3821 ecclesie
362 3756 526 3820 Omnium
566 3755 767 3821 Sanctorum
807 3757 897 3839 apud
939 3757 1245 3841 Norhamptoniam
1280 3756 1448 3843 debonis

188 3862 279 3924 vobis
302 3880 324 3922 a
348 3860 423 3923 Deo
446 3858 576 3922 collatis
601 3859 727 3942 aliquid
755 3861 1015 3924 misericorditer
1037 3862 1189 3945 erogetis,
1237 3862 1308 3923 Nos
1335 3870 1447 3924 autem

187 3964 228 4027 de
258 3964 324 4026 Dei
356 3961 591 4039 misericordia,
621 3963 768 4045 gloriose
800 3963 863 4027 Dei
894 3965 1063 4045 genitricis
1096 3965 1202 4027 Marie
1232 3974 1266 4027 et
1298 3964 1448 4026 omnium

187 4077 377 4130 sanctorum
404 4064 531 4128 meritis
558 4064 775 4141 confidentes,
802 4067 961 4129 omnibus
989 4078 1101 4130 nostre
1131 4068 1274 4131 diocesis
1304 4077 1337 4130 et
1367 4066 1448 4141 aliis,

187 4190 326 4252 quorum
347 4169 515 4232 diocesani
539 4168 571 4232 id
594 4179 702 4233 ratum
725 4170 912 4247 habuerint,
936 4170 978 4233 ad
1000 4172 1103 4255 ipsius
1122 4171 1261 4234 ecclesie
1280 4180 1447 4234 construc-

188 4274 312 4337 tionem
335 4293 395 4335 seu
419 4272 663 4355 reparationem
688 4274 761 4355 pias
784 4274 988 4337 elemosinas
1011 4274 1266 4351 conferentibus
1289 4274 1449 4337 confessis

187 4388 220 4441 et
256 4398 333 4442 vere
371 4375 608 4460 penitentibus,
647 4377 764 4460 viginti
806 4379 879 4441 dies
917 4378 959 4441 de
990 4378 1139 4460 injuncta
1170 4379 1230 4441 sibi
1265 4378 1449 4461 penitentia

189 4480 388 4557 relaxamus,
418 4480 640 4545 concedentes
679 4482 764 4545 hanc
802 4494 916 4546 nostre
955 4482 1172 4547 relaxationis
1210 4482 1351 4565 gratiam
1391 4501 1449 4563 per

190 4585 366 4649 triennium
391 4584 593 4648 duraturam.
641 4584 865 4650 Concedimus
888 4586 1000 4674 etiam,
1022 4596 1185 4666 quantum
1212 4586 1244 4647 in
1269 4584 1364 4647 nobis
1387 4593 1448 4659 est,

189 4688 275 4770 quod
307 4688 427 4752 iratres
458 4688 562 4752 nostri
594 4688 754 4772 Episcopi
782 4709 859 4752 suas
886 4689 928 4751 ad
958 4689 1000 4765 id,
1025 4690 1051 4751 si
1078 4688 1249 4764 voluerint,
1273 4686 1449 4750 conferant

190 4792 424 4877 indulgentias.
489 4792 710 4857 Prohibemus
748 4803 861 4857 tamen
900 4814 942 4856 ne
979 4814 1055 4856 curn
1086 4793 1149 4855 hiis
1180 4792 1297 4855 litteris
1327 4792 1451 4854 nostris

191 4895 377 4976 predicator
401 4894 453 4957 vel
479 4896 617 4958 nuntius
636 4896 756 4979 aliquis
776 4917 835 4978 per
855 4906 1002 4959 nostram
1023 4897 1183 4960 diocesim
1204 4895 1450 4958 transmittatur

191 4997 229 5060 ad
244 5018 480 5082 quascumque
498 4998 699 5063 elemosinas
718 4999 947 5081 colligendas„
980 5000 1068 5063 Date
1085 5020 1143 5083 per
1159 5018 1295 5061 manum
1315 4996 1448 5067 Radulfi
