3609 5642
336 578 403 642 262
677 568 814 643 [totali
835 569 1013 669 Hugonz's
1038 570 1081 643 de
1117 572 1249 645 Welles

632 722 693 727 -...
764 724 768 727 .
781 722 975 728 ——-—
985 720 1385 728 .-...-.....---------—
1443 721 1586 727 --—..—-

331 805 375 874 [Τ
370 806 405 858 he
425 806 581 857 r'rrstilulrbn
599 806 636 873 os
652 804 778 858 William
798 804 980 858 Man'scallus
996 812 1023 859 to
1042 805 1087 859 the
1106 804 1207 859 clturch
1224 806 1260 874 of
1273 804 1469 873 Braybrooke,·
1485 804 1554 873 Apr.
1566 822 1588 867 ε,

399 904 481 955 1235
496 903 539 940 see
545 891 576 954 p.
590 888 659 954 [γα]

421 997 875 1080 BRAYBROKE„—Omnibus
897 1008 958 1061 etc.
1006 998 1146 1062 Noverit
1172 998 1370 1061 universitas
1395 1008 1505 1061 vestra
1529 1018 1589 1061 nos

332 1103 373 1166 ad
392 1104 673 1186 presentationem
700 1102 821 1165 Prioris
844 1111 879 1166 et
901 1112 1086 1166 conventus
1109 1101 1152 1165 de
1176 1102 1356 1178 Daventre,
1373 1112 1588 1184 patronorum

331 1206 470 1270 ecclesie
485 1206 527 1269 de
546 1206 723 1289 Braybroc,
738 1205 897 1287 dilectum
924 1206 956 1268 in
974 1206 1108 1271 Christo
1124 1204 1228 1268 filium
1247 1205 1452 1285 Willelmum
1473 1206 1589 1269 Maris-

332 1310 463 1393 callum,
482 1309 647 1385 clericum,
668 1308 710 1372 ad
738 1308 881 1372 eandem
907 1308 1081 1373 ecclesiam
1108 1308 1292 1385 admisisse,
1316 1309 1494 1391 ipsumque
1519 1318 1590 1385 etc..

332 1413 423 1476 salva
434 1412 835 1495 Alexandr0,capellan0,
847 1412 969 1475 vicaria
985 1434 1045 1475 sua
1061 1432 1162 1493 quam
1180 1412 1225 1475 ibi
1242 1412 1362 1487 habet;
1379 1412 1436 1493 qui
1452 1410 1588 1494 quidem

332 1527 437 1580 totam
461 1516 636 1579 ecclesiam
661 1516 752 1578 illam
776 1516 905 1579 tenebit
931 1515 1175 1597 quoadvixerit,
1200 1513 1372 1578 reddendo
1397 1515 1475 1579 inde
1499 1515 1590 1578 dicto

331 1621 502 1684 Willelmo
532 1630 566 1682 et
597 1620 842 1684 successoribus
873 1621 953 1697 suis,
983 1620 1121 1684 ecclesie
1152 1620 1312 1703 personis
1342 1619 1427 1682 duos
1465 1618 1590 1682 solidos

331 1746 460 1788 annuos
477 1725 612 1787 nomine
629 1725 799 1807 pensionis
814 1746 821 1801 ;
844 1725 944 1788 salvis
960 1725 1062 1789 etiam
1078 1736 1138 1788 etc.
1186 1723 1287 1806 Quod
1310 1732 1346 1786 ut
1362 1732 1433 1799 etc,
1450 1723 1589 1786 testibus

331 1838 372 1892 ut'
391 1829 424 1891 in
440 1838 532 1891 carta
547 1849 648 1909 super
662 1827 803 1891 ecclesia
826 1828 868 1891 de
893 1828 1024 1911 Munby
1042 1828 1073 1892 in
1100 1827 1372 1891 archidiaconatu
1403 1827 1587 1891 Lincolnie.

331 1932 422 1996 Data
438 1953 497 2014 per
513 1952 649 1994 manum
667 1931 782 1995 Garini
798 1931 841 1995 de
858 1931 1066 2013 Kyrketone,
1079 1930 1251 2013 capellani,
1263 1930 1415 1993 canonici
1433 1930 1589 1993 Lincoln-

329 2036 438 2111 iensis,
454 2047 573 2117 quarto
589 2056 695 2098 nonas
713 2035 838 2117 Aprilis
854 2034 945 2116 apud
965 2036 1105 2098 Parcum
1123 2024 1235 2100 Stovve
1253 2033 1468 2116 pontificatus
1485 2034 1588 2097 nostri

329 2160 418 2202 anno
435 2139 592 2202 vicesimo
608 2150 736 2221 quarto.

326 2397 368 2461 [Τ
363 2396 398 2449 lu
413 2398 570 2449 r'nstitutiou
586 2396 622 2464 of
634 2396 717 2449 Peter
730 2396 825 2448 Rabaa
840 2400 868 2448 to
883 2396 929 2447 tlte
945 2395 1045 2449 church
1061 2396 1098 2463 os
1109 2394 1278 2458 Maidruell;
1294 2394 1383 2461 April
1392 2397 1431 2454 1⁶.
1445 2411 1531 2461 ιω
1547 2410 1589 2449 sce

389 2482 501 2547 1³·174·]

420 2585 906 2651 MAIDEWELLE.-Omnibus
924 2596 984 2649 etc.
1032 2586 1172 2649 Noverit
1190 2586 1390 2667 universitas¹
1402 2595 1514 2649 vestra
1530 2606 1591 2649 nos

329 2692 372 2776 ad
397 2672 678 2775 presentationem
709 2690 797 2753 Petri
826 2689 951 2766 Rabaz‚
977 2690 1108 2772 patroni
1133 2691 1272 2753 ecclesie
1296 2691 1404 2755 sancti
1432 2692 1521 2755 Petri
1548 2692 1591 2754 de

331 2796 549 2870 Maidewelle,
564 2793 724 2858 dilectum
742 2795 781 2861 in,
792 2794 926 2858 Christo
943 2792 1047 2856 filium
1069 2794 1205 2857 Petrum
1224 2794 1350 2871 Rabaz‚
1366 2794 1532 2870 clericum,
1547 2792 1591 2856 ad

328 2900 471 2965 eandem
497 2899 672 2962 ecclesiam
697 2898 882 2974 admisisse,
906 2898 1083 2981 ipsumque
1106 2898 1138 2960 in
1162 2919 1203 2961 ea
1226 2899 1386 2961 canonice
1410 2918 1589 2981 personam

330 3005 537 3086 instituisset
575 3002 676 3066 salvis
712 3012 773 3066 etc.
836 3002 937 3085 Quod
977 3012 1013 3067 ut
1051 3013 1121 3080 etc,
1152 3004 1215 3066 hiis
1255 3004 1404 3081 testibus,
1439 3003 1591 3067 Waltero

329 3109 533 3173 thesaurario
549 3108 782 3183 Lincolniensi,
797 3106 947 3170 Roberto
959 3106 1002 3170 de
1016 3107 1217 3183 Bollesoure,
1230 3108 1413 3190 capellano,
1425 3107 1591 3190 Magistro

330 3213 368 3276 R.
393 3213 435 3276 de
461 3211 662 3284 Wendoure,
687 3211 738 3273 W.
766 3211 809 3274 de
840 3209 1118 3292 Wynchecumbe
1146 3221 1182 3274 et
1207 3212 1342 3275 Thoma
1366 3211 1409 3275 de
1436 3210 1590 3293 Askeby,

328 3316 497 3380 canonicis
519 3314 817 3390 LincolniensibuS,
834 3313 1000 3397 Magistro
1022 3314 1062 3377 A.
1079 3315 1122 3378 de
1144 3314 1337 3391 Arundelle,
1352 3315 1380 3397 J.
1402 3314 1444 3379 de
1465 3314 1590 3379 Crake·

329 3420 412 3497 hale,
429 3420 462 3483 S.
479 3417 521 3481 de
542 3417 689 3482 Castello
708 3426 743 3480 et
761 3416 917 3498 Johanne
937 3417 979 3480 de
1000 3416 1215 3493 Thorkeseia,
1237 3418 1371 3482 clericis.
1418 3418 1511 3481 Data
1531 3437 1592 3501 per

330 3543 465 3586 manum
493 3521 608 3585 Garini
635 3520 677 3584 (le
710 3520 917 3602 Kyrketone,
947 3520 1120 3602 capellani,
1151 3522 1302 3586 canonici
1335 3522 1589 3597 Lincolniensis,

330 3626 419 3710 apud
453 3627 592 3689 Parcum
620 3624 733 3690 Stowe
763 3625 820 3687 xvi
849 3624 1011 3687 kalendas
1038 3626 1120 3708 May
1145 3624 1226 3709 [sic]
1242 3626 1457 3709 pontificatus
1487 3626 1591 3690 nostri

329 3749 418 3792 anno
435 3748 542 3790 xxnn.

330 3986 402 4051 [The
412 3985 569 4037 r'nstitution
579 3983 694 4052 ossolm
706 3989 733 4036 to
744 3983 789 4037 the
799 3984 932 4051 vt‘camge
943 3986 978 4053 os
988 3984 1083 4053 Ashby
1095 3985 1135 4039 St.
1148 3984 1285 4055 Ledgere
1301 3986 1389 4053 Apn'l
1399 3991 1438 4047 ro,
1452 4005 1534 4055 1²35?
1549 4006 1593 4043 see

389 4072 421 4136 a·
434 4066 501 4133 156]

419 4176 786 4241 Essem-Omnibus
816 4187 877 4239 etc.
925 4176 1066 4240 Noverit
1093 4178 1290 4241 universitas
1321 4190 1431 4242 vestra
1458 4200 1520 4243 nos
1547 4182 1590 4245 ad

332 4280 612 4364 presentationem
644 4278 841 4343 dilectorum
874 4279 1027 4358 filiorum,
1059 4281 1180 4343 Prioris
1209 4291 1244 4344 et
1278 4284 1515 4347 canonicorum
1549 4285 1591 4348 de

332 4384 459 4459 Landa,
489 4381 648 4445 dilectum
687 4384 720 4444 in
759 4382 893 4446 Christo
924 4382 1029 4446 filium
1063 4382 1262 4465 Johannem‚
1293 4384 1515 4465 capellanum,
1547 4387 1590 4451 ad

329 4489 486 4551 vicariam
502 4486 640 4550 ecclesie
655 4487 761 4549 sancti
784 4486 982 4569 Leodegarii
1004 4488 1046 4551 de
1068 4486 1198 4570 Esseby
1219 4487 1393 4553 admisisse
1413 4489 1592 4573 ipsumque

331 4594 363 4655 in
393 4612 433 4654 ea
459 4590 619 4654 canonice
647 4604 844 4672 perpetuum
872 4590 1030 4654 vicarium
1057 4590 1239 4655 instituisse
1263 4612 1339 4655 cum
1367 4612 1468 4657 onere
1494 4595 1590 4658 mini-

329 4695 456 4759 strandi
474 4694 691 4777 personaliter
706 4695 740 4757 in
755 4694 883 4758 eadem.
931 4694 1092 4759 Consistit
1109 4706 1220 4758 autem
1240 4696 1312 4778 ipsa
1328 4698 1450 4761 vicaria
1466 4698 1499 4761 in
1517 4709 1590 4763 toto

329 4798 493 4879 altaragio
518 4799 620 4879 ipsius
646 4799 784 4862 ecclesie
811 4808 845 4861 et
871 4800 903 4861 in
930 4800 1029 4863 tertia
1056 4810 1150 4882 parte
1177 4800 1307 4863 decime
1336 4801 1516 4883 garbarum
1547 4802 1589 4867 de

329 4903 505 4967 dominicis
530 4902 695 4983 Johanuis
722 4902 765 4965 de
791 4901 998 4965 Craunlorde
1025 4913 1059 4965 et
1086 4902 1284 4986 Leodegarii
1309 4902 1352 4967 de
1381 4905 1469 4969 Diva
1493 4917 1527 4969 et
1554 4909 1585 4969 iu

326 5006 502 5068 dominicis
521 5005 699 5087 garbarum
722 5006 818 5068 unius
838 5007 966 5088 virgate
985 5016 1072 5069 terre
1091 5017 1125 5071 et
1147 5007 1295 5084 dimidie,
1315 5029 1398 5090 quas
1421 5009 1585 5073 Ricardus
