3609 5642
359 587 428 660 150
706 565 842 638 Rotulz'
857 564 1035 661 Hugune's
1060 564 1103 636 tle
1129 563 1263 638 Welles

352 799 462 864 [Osbett
470 799 503 850 de
518 797 670 860 Londoneb,
683 797 851 859 sub-dtamen,
860 796 1010 864 presented
1018 796 1093 866 bys„
1109 795 1250 850 Cmestable
1260 796 1296 864 os
1305 796 1421 861 Cluster,
1434 799 1460 849 is
1470 799 1620 852 tusam

417 885 444 933 to
455 886 511 932 two
515 883 647 948 portione
657 881 689 931 in
696 879 746 932 tte
756 878 858 933 church
869 881 906 947 os
914 878 1075 946 Clepstone]

440 1000 688 1064 Cnvpssrouu
712 1012 831 1063 sunan
855 1013 1007 1063 nunnus
1031 996 1435 1063 pransus-osbertus
1461 998 1506 1061 de
1527 998 1618 1060 [on-

351 1100 461 1180 donia,
474 1102 707 1179 subdiaconus,
718 1112 927 1185 presentatus
938 1123 996 1184 per
1008 1101 1155 1166 nobilem
1166 1103 1272 1165 virum
1283 1102 1322 1183 J.,
1331 1100 1617 1164 constabularium

351 1207 486 1283 Cestrie,
502 1205 544 1269 ad
561 1208 645 1270 duas
661 1216 773 1288 partes
789 1206 928 1270 ecclesie
943 1206 986 1269 de
1002 1205 1185 1288 Clipstone‚
1197 1205 1285 1268 facta
1296 1207 1387 1287 prius
1400 1206 1618 1287 inquisitione

350 1329 409 1391 per
433 1310 481 1386 R,
502 1308 689 1373 Officialem
716 1309 953 1372 Archidiaconi
976 1308 1258 1391 Norhamptonie‚
1275 1329 1335 1390 per
1355 1328 1468 1390 quam,
1483 1318 1556 1385 etc,
1572 1307 1616 1370 ad

349 1412 491 1476 eandem
515 1413 681 1475 admissus
703 1423 763 1476 est
813 1413 857 1476 Et
881 1411 1081 1475 mandatum
1098 1422 1149 1475 est
1174 1413 1225 1487 R,
1249 1411 1501 1475 Archidiacono
1531 1411 1619 1474 Nor-

350 1517 545 1600 hamptonie
561 1527 606 1594 ut,
622 1527 683 1581 etc.

350 1773 462 1841 [David
477 1774 510 1827 de
526 1774 695 1836 Hadintone,
717 1773 797 1837 clerte,
811 1773 961 1842 presented
976 1773 1009 1840 by
1033 1771 1139 1825 Walter
1161 1771 1298 1839 Oltsartle.
1317 1773 1342 1825 is
1359 1771 1509 1824 imtituted
1524 1777 1552 1825 to
1571 1773 1620 1825 ttu

414 1857 514 1910 churcti
527 1857 562 1924 of
569 1857 701 1925 Lilsord]

439 1966 847 2031 LILLEFORDE.-David
871 1967 914 2030 de
938 1967 1143 2042 Hadintone,
1166 1967 1312 2042 clericus,
1328 1975 1541 2048 presentatus
1557 1987 1618 2048 per

351 2070 536 2134 Walterum
553 2069 712 2146 Oliiarde‚
729 2071 877 2146 militem,
892 2070 936 2132 ad
952 2070 1127 2133 ecclesiam
1151 2068 1194 2132 de
1211 2068 1401 2145 Lilleforde,
1417 2068 1509 2131 facta
1525 2071 1619 2152 prius

349 2175 561 2257 inquisitione
578 2196 635 2256 per
660 2175 707 2250 R,
733 2173 1015 2237 Archidiaconum
1042 2174 1073 2236 N
1077 2172 1321 2256 orhamptonie‚
1337 2193 1397 2255 per
1412 2192 1526 2253 quam,
1541 2183 1616 2248 etc,

349 2277 391 2341 ad
407 2278 549 2342 eandem
566 2278 732 2341 admissus
741 2288 801 2353 est,
813 2288 873 2341 etc.
922 2279 966 2341 Et
978 2277 1174 2341 mandatum
1191 2287 1241 2340 est
1253 2277 1346 2340 dicto
1361 2276 1615 2340 Archidiacono

352 2393 396 2458 ut,
422 2391 483 2444 etc.
533 2381 709 2445 Concessit
738 2382 840 2445 etiam
871 2381 981 2444 eidem
1018 2380 1128 2444 David
1159 2381 1316 2444 dominus
1356 2379 1546 2463 Episcopus
1583 2382 1617 2443 in

350 2486 559 2548 institutione
582 2506 643 2547 sua
669 2484 814 2547 indutias
845 2484 955 2566 quoad
987 2484 1138 2548 ordinem
1163 2483 1359 2548 subdiaconi
1386 2483 1617 2566 recipiendum

350 2609 524 2670 quousque
541 2609 599 2671 per
615 2589 723 2670 ipsum
740 2588 782 2650 ad
801 2588 833 2651 icl
850 2589 972 2651 citatus
989 2589 1086 2651 suerit
1101 2586 1297 2670 specialiter.

351 2931 455 3000 [Hugh
475 2932 508 2984 de
533 2931 640 2992 Welles‚
658 2932 826 2993 mbeieacon,
841 2931 991 2998 presented
1009 2930 1042 2998 by
1060 2930 1105 2982 the
1122 2929 1211 2984 Prior
1228 2931 1291 2984 and
1312 2931 1439 2984 Conveni
1452 2931 1488 2998 of
1501 2929 1618 2990 mnu.

417 3013 505 3076 Notts,
528 3014 605 3081 aster
624 3030 642 3064 a
664 3013 772 3080 desputo
793 3013 876 3064 about
895 3012 941 3065 tlte
958 3016 1122 3080 patronage,
1143 3014 1169 3064 is
1190 3013 1336 3066 instituted
1351 3017 1379 3064 to
1396 3012 1442 3064 the
1461 3011 1564 3066 churck
1587 3013 1624 3078 os

417 3095 556 3148 lrctcester.
594 3095 650 3146 tte
660 3095 770 3146 anneeal
774 3097 894 3161 pensiore
905 3096 930 3146 is
940 3093 1069 3145 reseeved
1080 3099 1107 3146 to
1119 3094 1164 3146 the
1177 3093 1321 3157 Convent]

443 3214 856 3295 lRENCESTRIA.-Hugo
871 3213 914 3276 de
931 3214 1064 3289 Welles,
1080 3213 1313 3289 subdiaconus
1329 3222 1541 3294 presentatus
1557 3233 1620 3295 per

355 3319 499 3382 Priorem
526 3329 559 3381 et
583 3329 785 3382 conventum
815 3318 857 3380 de
887 3317 1039 3380 Lentone
1063 3317 1107 3379 ad
1138 3317 1313 3380 ecclesiam
1340 3316 1383 3380 de
1410 3316 1619 3392 lrencestria,

354 3422 441 3485 sacta
465 3424 555 3504 prius
579 3422 793 3504 inquisitione
818 3441 877 3503 per
902 3421 951 3498 R,
975 3420 1259 3483 Archidiaconum
1287 3419 1567 3502 Norhamptonie‚
1583 3428 1618 3482 et

353 3527 493 3609 receptis
510 3527 627 3590 litteris
643 3525 769 3588 domini
788 3525 890 3606 Regis
906 3523 1153 3588 continentibus
1173 3524 1262 3606 quod
1280 3544 1356 3586 curn
1373 3524 1478 3586 assisa
1497 3523 1619 3585 ultime

354 3630 610 3712 presentationis
625 3628 763 3691 ecclesie
772 3626 814 3690 de
828 3627 1024 3690 lrencestria
1033 3627 1239 3690 summonita
1250 3635 1337 3688 esset
1348 3647 1407 3708 per
1418 3635 1616 3708 preceptum

352 3755 448 3796 suum
466 3753 578 3795 coram
599 3731 709 3794 David
720 3731 763 3794 de
774 3730 926 3812 Eisseby,
940 3730 1088 3792 Roberto
1105 3729 1147 3793 de
1164 3730 1307 3805 Salceto,
1321 3729 1467 3792 Ricardo
1478 3728 1617 3793 Gubiun

290 3845 292 3848 '
353 3847 386 3900 et
402 3837 556 3918 Johanne
571 3835 614 3898 de
632 3835 782 3910 Ulecote‚
793 3834 879 3896 inter
895 3834 1043 3896 Priorem
1057 3833 1100 3896 de
1117 3832 1270 3896 Lentone
1285 3843 1319 3896 et
1336 3833 1557 3895 Amauricum
1574 3831 1618 3895 de

355 3941 470 4016 NoerS,
488 3939 575 4002 idem
599 3939 800 4001 Amauricus
823 3938 1017 4018 recognovit
1038 3937 1189 4019 predicto
1211 3938 1312 4000 Priori
1333 3937 1491 3999 saisinam
1512 3936 1618 3999 advo-

353 4045 493 4107 cationis
509 4042 659 4123 ejusdem
676 4041 823 4118 ecclesie,
838 4051 872 4103 et
888 4042 1054 4104 concessit
1069 4040 1159 4123 quod
1176 4039 1286 4103 dictus
1304 4041 1396 4102 Prior
1411 4039 1455 4104 ad
1470 4039 1617 4102 eandem

353 4149 527 4211 ecclesiam
539 4155 716 4228 presentet,
733 4166 791 4228 per
806 4165 881 4226 que,
896 4154 968 4220 etc,
983 4143 1027 4207 ad
1043 4143 1186 4208 eandem
1204 4143 1371 4207 admissus
1387 4153 1448 4218 est,
1460 4152 1522 4207 etc.
1571 4144 1618 4207 Et

354 4251 551 4315 mandatum
575 4259 626 4313 est
648 4250 739 4313 dicto
763 4248 1011 4311 Archidiacono
1035 4257 1081 4324 ut,
1107 4257 1191 4324 etc.;
1216 4247 1308 4310 salva
1334 4247 1433 4310 dictis
1464 4248 1616 4329 patronis

353 4356 467 4420 debita
482 4365 516 4418 et
533 4355 671 4435 antiqua
694 4352 854 4435 pensione
877 4350 920 4414 de
943 4350 1070 4414 eadem.
1118 4351 1245 4414 Littere
1260 4350 1520 4432 presentationis
1536 4361 1616 4413 sunt

352 4460 443 4543 apud
462 4457 551 4540 Lap¹.

352 4717 440 4784 [loten
457 4715 490 4768 dc
521 4715 636 4776 tt'eston,
649 4713 818 4776 sub-demon,
826 4713 975 4780 presented
988 4710 1022 4778 by
1031 4711 1115 4764 Peter
1128 4709 1162 4764 de
1184 4710 1300 4771 Westou,
1318 4711 1345 4764 is
1363 4709 1510 4763 theututed
1526 4715 1554 4763 to
1570 4710 1617 4764 tlte

417 4795 518 4851 church
535 4797 570 4862 os
585 4795 786 4863 commestam]

439 4904 855 4987 WESTONE.-Johannes
882 4904 926 4968 de
953 4902 1122 4978 Westone,
1145 4902 1379 4979 subdiaconus,
1403 4912 1616 4984 presentatus

350 5033 409 5095 per
437 5012 571 5074 Petrum
598 5008 641 5073 de
667 5009 827 5072 Westone
852 5006 895 5071 ad
919 5007 1093 5070 ecclesiam
1118 5005 1270 5087 ejusdem
1294 5004 1379 5080 ville,
1406 5005 1496 5070 facta
1522 5007 1617 5089 prius
