3609 5642
322 580 368 666 36
674 577 810 652 Rutuli
824 578 1002 675 Hugone's
1018 578 1062 652 de
1088 577 1221 650 Welles

325 812 463 881 [Re'ehard
475 815 509 868 de
527 815 686 880 Herdewe'd,
696 815 863 880 sub-dem
870 815 1019 884 presented
1032 815 1066 884 by
1082 813 1208 868 Richard
1219 814 1254 867 de
1269 813 1417 875 Prestecot‚
1429 812 1537 881 kne'gtst,
1550 813 1576 865 ἐς

386 897 531 950 instituted
534 900 640 964 parson
652 898 688 966 of
693 897 892 966 Blecteingdon.
925 898 972 951 He
983 899 1008 950 is
1018 903 1045 951 to
1056 897 1154 950 attend
1161 897 1207 950 tlte
1217 896 1340 961 sensate]

412 1019 907 1083 BLECHESTONE.—Ricardus
937 1018 979 1081 de
1012 1017 1207 1093 Herdewic’,
1236 1016 1470 1091 subdiaconus,
1501 1035 1573 1099 pre·

323 1131 472 1183 sentatus
503 1143 561 1204 per
590 1121 768 1186 Ricardum
800 1122 842 1186 de
874 1123 1063 1199 Prestecot’,
1087 1123 1236 1198 militem,
1258 1122 1301 1186 ad
1326 1120 1500 1185 ecclesiam
1530 1119 1573 1184 de

324 1224 559 1302 Blechesdone,
576 1225 664 1289 facta
679 1226 769 1308 prius
786 1226 999 1308 inquisitione
1015 1246 1074 1308 per
1086 1225 1137 1303 Α.,
1152 1225 1434 1289 Archidiaconum
1451 1223 1574 1300 Oxon’,

322 1349 380 1410 per
404 1349 514 1411 quam,
530 1341 600 1406 etc,
616 1329 658 1392 ad
685 1329 826 1394 eandem
854 1330 1019 1394 admissus
1045 1339 1106 1406 est,
1128 1340 1162 1393 et
1187 1329 1383 1393 mandatum
1407 1339 1459 1393 est
1482 1327 1574 1392 dicto

323 1433 570 1497 Archidiacono
596 1443 642 1510 ut,
667 1443 728 1498 etc.
787 1433 978 1516 Injunctum
1003 1443 1054 1498 est
1078 1434 1180 1497 etiam
1210 1433 1302 1496 dicto
1329 1433 1481 1496 instituto
1510 1431 1573 1494 sub

320 1535 435 1600 debito
459 1534 638 1618 juramenti
662 1546 696 1601 et
726 1537 789 1601 sub
818 1557 906 1620 pena
931 1535 1083 1602 beneficii
1109 1535 1295 1613 amittendi,
1317 1547 1355 1601 ut
1380 1535 1488 1600 scolas
1512 1535 1573 1599 sre-

321 1649 467 1721 quentet.

321 1811 426 1880 [Adam
444 1811 478 1864 de
497 1811 651 1875 Merevr'lle,
670 1811 838 1876 seetdeacon,
846 1811 997 1879 presented
1009 1811 1043 1880 by
1057 1810 1194 1879 Margeey
1209 1811 1243 1864 de
1260 1810 1370 1874 Revers,
1388 1810 1413 1862 is
1433 1810 1578 1863 instituted

380 1898 486 1962 parson
498 1895 534 1962 of
548 1893 683 1962 Crowell]

409 2003 766 2070 CRAUWEL.-Adam
783 2003 825 2068 de
849 2003 1020 2081 Morevill’,
1036 2003 1269 2080 subdiaconus,
1285 2013 1494 2087 presentatus
1515 2024 1574 2086 per

324 2109 523 2192 Margeriam
555 2110 597 2173 de
629 2110 753 2173 Revers
783 2107 826 2172 ad
855 2109 1032 2173 ecclesiam
1062 2108 1105 2173 de
1135 2107 1326 2184 Crauwelle,
1356 2105 1445 2171 facta
1482 2108 1572 2191 prius

323 2214 535 2295 inquisitione
565 2233 623 2295 per
654 2212 705 2290 Α.,
736 2211 1022 2275 Archidiaconum
1054 2211 1175 2287 Oxon',
1206 2232 1264 2294 per
1294 2230 1405 2292 quam,
1434 2220 1505 2289 etc,
1529 2211 1572 2275 ad

321 2317 462 2381 eandem
493 2317 658 2380 admissus
687 2328 747 2393 est,
762 2325 832 2393 etc,
847 2327 882 2380 et
913 2316 1108 2379 mandatum
1136 2326 1187 2380 est
1209 2316 1300 2379 dicto
1324 2315 1572 2380 Archidiacono

323 2433 367 2498 ut,
383 2430 443 2484 etc.

786 2524 927 2589 Annus
951 2523 1113 2587 XXIllu.

321 2649 447 2720 [Ramels
452 2649 486 2702 de
498 2649 642 2716 Cantilup',
654 2649 821 2711 sub-deacon,
831 2649 978 2717 presented
985 2649 1018 2718 by
1026 2648 1071 2702 the
1082 2649 1209 2718 Pn'oros
1214 2649 1255 2703 St.
1266 2647 1446 2713 Fn'deswsde,
1458 2649 1484 2702 is
1495 2648 1574 2701 e'essts'-

385 2733 462 2787 tuted
465 2736 572 2809 parson
583 2733 619 2788 ot
624 2731 665 2786 St.
676 2731 910 2801 Peter-te-Bae'ley,
926 2732 1024 2800 Onon]

410 2853 593 2917 Eccuusm
618 2865 728 2915 enum
754 2853 868 2915 Pano
893 2866 944 2914 AD
968 2851 1149 2916 Casmun
1174 2850 1507 2917 Oxou—Ranulsus
1530 2850 1573 2914 de

322 2956 498 3039 Cantilup',
525 2955 757 3032 subdiaconus,
784 2964 995 3038 presentatus
1025 2955 1068 3019 ad
1096 2955 1270 3019 eeclesiam
1300 2954 1390 3018 beati
1415 2955 1502 3019 Petri
1530 2955 1573 3018 ad

321 3062 475 3126 Castrum
489 3059 601 3125 Oxon’
614 3080 672 3141 per
685 3060 832 3124 Priorem
848 3068 884 3122 et
895 3069 1096 3123 conventum
1108 3058 1232 3123 Sancte
1245 3056 1438 3122 Fredewide
1451 3058 1574 3136 Oxon’,

322 3165 410 3229 facta
427 3165 517 3248 prius
534 3164 748 3246 inquisitione
763 3185 822 3247 per
839 3163 890 3240 Α.,
907 3162 1191 3226 Archidiaconum
1207 3161 1279 3239 loci,
1295 3181 1354 3244 per
1376 3181 1488 3243 quam,
1502 3170 1574 3238 etc,

322 3269 364 3334 ad
381 3268 522 3332 eandem
539 3247 704 3331 admissus
720 3277 779 3344 est,
796 3278 830 3332 et
846 3268 879 3331 in
895 3287 936 3331 ea
957 3267 1118 3331 canonice
1140 3286 1283 3348 persona
1301 3265 1481 3330 institutus.
1528 3265 1574 3329 Et

321 3372 517 3436 mandatum
548 3379 599 3434 est
629 3371 720 3434 dicto
751 3370 999 3435 Archidiacono
1028 3380 1066 3434 ut
1095 3370 1206 3453 ipsum
1232 3369 1414 3433 Ranulfum
1442 3370 1475 3432 in
1502 3389 1573 3433 cor-

320 3477 467 3561 poralem
484 3461 621 3539 ecciesie
637 3473 784 3557 predicte
800 3475 1046 3557 possessionem
1063 3473 1206 3537 inducat

320 3647 459 3716 [Geoffrey
479 3646 513 3699 de
534 3645 627 3709 Lestd,
646 3643 815 3705 seth-deacon,
833 3645 983 3713 presented
1005 3644 1039 3714 by
1060 3644 1161 3698 Robert
1180 3643 1215 3696 de
1240 3642 1363 3713 Paur'lty,
1385 3646 1411 3697 is
1432 3643 1578 3697 instituted

379 3732 485 3796 parson
498 3727 534 3795 of
550 3725 748 3795 Wendtetuffl

408 3835 885 3902 WENDEBURG.-Galfridus
909 3836 952 3900 de
978 3835 1092 3913 Lestr’,
1107 3836 1341 3914 subdiaconus,
1364 3847 1574 3920 presentatus

321 3965 379 4028 per
395 3943 580 4006 Robertum
597 3941 640 4004 de
664 3940 794 4023 Pavilly
810 3941 852 4004 ad
876 3940 1051 4004 ecclesiam
1075 3940 1117 4005 de
1133 3939 1356 4018 Wendlebur',
1372 3939 1460 4005 facta
1483 3942 1574 4025 prius

321 4046 532 4129 inquisitione
563 4065 621 4128 per
652 4044 703 4122 Α.,
730 4043 1015 4108 Archidiaconum
1050 4044 1172 4121 Oxon',
1202 4064 1261 4127 per
1289 4063 1400 4126 quam,
1429 4054 1500 4122 etc,
1530 4045 1573 4109 ad

321 4150 463 4215 eandem
487 4149 653 4213 admissus
675 4159 735 4225 est,
758 4158 829 4227 etc,
852 4158 886 4213 et
917 4149 1114 4213 mandatum
1137 4158 1189 4213 est
1210 4148 1302 4212 dicto
1326 4148 1575 4214 Archidiacono

320 4264 366 4331 ut,
380 4263 442 4319 etc.

320 4425 457 4493 [Thomas
469 4425 565 4490 (vicar)
582 4425 618 4492 of
633 4423 749 4477 Westeut
761 4423 874 4488 Baeton,
893 4423 1031 4492 chaplae'n,
1044 4422 1213 4488 mal-dean,
1225 4422 1375 4490 presented
1381 4422 1415 4492 by
1430 4422 1531 4476 Letitia
1541 4422 1575 4476 de

385 4506 516 4569 Saulceto,
529 4507 553 4558 is
564 4506 711 4558 instituted
714 4507 821 4573 parson
832 4507 863 4574 ej
874 4505 907 4557 K
903 4504 1072 4574 rddington]

409 4615 870 4682 CUDINGTONE.-Thomas
900 4615 1048 4680 decanus
1085 4614 1129 4679 de
1166 4613 1310 4692 Barton',
1347 4615 1573 4697 cappellanus,

321 4731 531 4806 presentatus
548 4742 606 4804 per
625 4721 786 4785 Leticiam
802 4721 845 4784 de
862 4720 1019 4786 Saulceto
1034 4719 1078 4783 ad
1093 4718 1266 4783 ecclesiam
1283 4718 1326 4782 de
1350 4717 1574 4802 Cudingtone,

322 4825 409 4888 tacta
435 4826 526 4907 prius
549 4825 764 4906 inquisitione
787 4846 846 4907 per
865 4824 918 4901 Α.,
934 4823 1227 4900 Archidiaconum,
1243 4821 1365 4899 Oxon',
1382 4843 1441 4906 per
1462 4843 1573 4904 quam,

321 4936 392 5004 etc,
408 4927 450 4990 ad
474 4929 616 4992 eandem
640 4927 805 4992 admissus
828 4940 888 5007 est,
903 4938 974 5007 etc,
989 4937 1023 4992 et
1046 4927 1242 4994 mandatum
1270 4935 1322 4992 est
1346 4925 1437 4991 dicto
1454 4925 1573 4991 Archi-

321 5031 463 5116 diacoqo
480 5042 524 5109 ut,
540 5043 600 5096 etc.
