3609 5642
360 587 432 637 210
702 563 839 636 Rotulz'
861 563 1039 658 Hugonz's
1065 563 1108 635 de
1144 562 1276 636 Welles

356 812 390 867 et
422 804 556 886 Rogero
586 802 629 866 de
661 802 804 880 Laccolr,
835 804 1005 866 canonicis
1040 802 1340 879 Lincolniensibus,
1375 803 1549 867 Willelmo
1579 803 1621 867 de

357 906 631 983 Winchecumbe,
649 905 794 969 Ricardo
809 906 853 971 de
869 906 993 983 Oxon',
1010 908 1166 990 Philippo
1185 906 1228 971 de
1251 907 1453 991 Langeport,
1471 907 1621 972 Roberto

356 1012 399 1075 de
423 1010 590 1089 Aketone,
604 1022 638 1075 et
660 1011 815 1092 Johanne
837 1011 880 1074 de
905 1012 1102 1089 Bannebire,
1117 1011 1251 1075 clericis.
1299 1012 1389 1076 Data
1413 1033 1471 1094 per
1484 1034 1620 1076 manum

355 1115 519 1198 Johannis
553 1115 595 1177 de
633 1114 798 1192 Tantone,
829 1113 1027 1198 cappellani,
1058 1116 1208 1179 canonici
1245 1116 1499 1193 Lincolniensis‚
1531 1114 1619 1199 apud

355 1220 463 1283 Vetus
493 1218 675 1303 Templum
718 1220 960 1284 Londiniarum
1000 1222 1099 1285 tertio
1130 1221 1204 1284 idus
1236 1222 1371 1304 Aprilis
1407 1221 1621 1303 pontificatus

355 1325 458 1386 nostri
475 1344 565 1388 anno
581 1326 647 1388 xvi.

354 1582 425 1649 [The
447 1582 605 1637 destitutione
627 1584 663 1648 of
673 1582 768 1635 Adam
790 1582 824 1635 de
851 1582 954 1635 Sancla
983 1580 1106 1651 Bugella
1134 1589 1162 1636 to
1188 1583 1234 1636 tlte
1262 1581 1362 1635 churclz
1390 1584 1426 1650 os
1450 1582 1622 1649 Walgrmu,·

373 1691 374 1694 ¹
418 1664 496 1733 Aug.
508 1681 548 1730 25,
561 1681 647 1729 1²²5?
661 1668 741 1732 secp.
754 1667 823 1731 [ῃ]

442 1774 944 1869 WALDEGRAVE.-anibus
959 1785 1019 1839 etc.
1068 1774 1207 1839 Noverit
1224 1777 1422 1839 universitas
1435 1785 1546 1839 vestra
1561 1796 1623 1838 nos

354 1879 397 1943 ad
425 1880 708 1963 presentationem
740 1879 938 1943 dilectorum
971 1878 1112 1942 filiorum
1146 1881 1267 1943 Prioris
1298 1889 1331 1943 et
1362 1890 1547 1943 conventus
1579 1881 1622 1943 de

354 1982 546 2059 Daventria‚
564 1993 779 2065 patronorum
796 1983 936 2047 ecclesie
951 1983 994 2046 de
1012 1982 1242 2067 Waldegrave,
1257 1982 1416 2046 dilectum
1434 1984 1467 2046 in
1485 1982 1621 2047 Christo

354 2086 458 2150 filium
485 2087 684 2169 Magistrum
703 2086 815 2151 Adam
832 2088 875 2152 de
900 2087 1026 2152 Sancta
1052 2086 1187 2170 Brigida
1210 2086 1252 2150 ad
1276 2088 1418 2150 eandem
1445 2088 1619 2151 ecclesiam

355 2190 539 2268 admisisse,
555 2192 741 2274 ipsumque,
756 2202 817 2255 etc.
833 2214 840 2269 ;
864 2192 965 2254 salvis
982 2202 1043 2255 etc.
1090 2190 1190 2274 Quod
1208 2200 1245 2254 ut
1260 2201 1321 2254 etc.
1370 2190 1402 2253 H
1408 2192 1446 2253 iis
1469 2191 1622 2273 testibus,

354 2293 524 2357 Willelmo
550 2294 797 2357 Archidiacono
822 2294 993 2369 wellensi,
1020 2294 1184 2377 Magistro
1211 2294 1345 2376 Rogero
1369 2293 1412 2357 de
1441 2294 1570 2357 Lakok'
1587 2306 1621 2358 et

297 2454 301 2463 .
355 2397 501 2461 Radulso
516 2398 560 2461 de
576 2398 765 2476 Waraville,
781 2398 950 2461 canonicis
972 2397 1271 2474 Lincolniensibus,
1289 2397 1453 2479 Magistro
1475 2398 1621 2462 Ricardo

353 2500 395 2564 de
425 2501 563 2580 Kancia‚
586 2504 794 2587 cappellano
825 2502 997 2566 Willelmo
1027 2502 1070 2565 de
1098 2502 1372 2579 Winchecumba‚
1401 2503 1549 2567 Ricardo
1579 2503 1622 2568 de

355 2605 477 2682 Oxon’,
494 2605 650 2689 Philippo
672 2606 715 2670 de
741 2607 943 2691 Langeport,
958 2606 1113 2688 Johanne
1134 2606 1177 2669 de
1201 2605 1389 2669 Bannebire
1411 2617 1446 2670 et
1471 2606 1621 2670 Roberto

353 2706 397 2771 de
427 2708 593 2788 Aketone,
624 2710 758 2774 clericis.
806 2712 897 2774 Data
929 2730 987 2792 per
1018 2729 1154 2772 manum
1185 2710 1350 2792 Johannis
1379 2709 1423 2774 de
1454 2710 1621 2787 Tantone,

354 2813 527 2895 capellani,
557 2816 708 2877 canonici
741 2814 993 2889 Lincolniensis,
1024 2813 1114 2896 apud
1146 2813 1340 2895 Tinghurst,
1371 2815 1427 2876 viii
1460 2814 1621 2878 kalendas

355 2918 572 2999 Septembris
588 2918 802 3001 pontificatus
819 2918 922 2980 nostri
940 2937 1029 2980 anno
1045 2918 1110 2980 xvi.

351 3238 424 3303 [The
445 3239 604 3293 mutatura
626 3240 662 3308 of
680 3239 772 3307 Ralfflt
794 3238 828 3292 dc
850 3238 1020 3291 Silvanectis
1041 3243 1068 3291 to
1089 3238 1134 3290 the
1154 3237 1255 3305 ebrach
1277 3238 1312 3306 os
1325 3236 1450 3301 Morcott,
1476 3237 1623 3302 Rutland;

418 3322 579 3390 secp.120.]

442 3431 852 3497 MORCOTA.-Omnibus
871 3441 932 3495 etc.
983 3430 1121 3494 Noverit
1147 3428 1344 3492 universitas
1365 3437 1476 3491 vestra
1497 3448 1558 3491 nos
1578 3428 1620 3492 ad

356 3538 638 3620 presentationem
662 3536 809 3601 Simonis
829 3536 872 3599 de
892 3534 986 3599 Silva
1007 3532 1152 3617 Nect[is]
1173 3532 1295 3596 factam
1321 3532 1449 3595 ratione
1469 3532 1623 3596 custodie

354 3650 440 3703 terre
469 3650 504 3703 et
533 3640 664 3704 heredis
703 3639 838 3703 Ricardi
879 3638 1044 3701 Balistarii
1074 3636 1234 3700 dilectum
1271 3636 1303 3698 in
1343 3633 1477 3699 Christo
1517 3634 1621 3699 lilium

357 3743 540 3807 Radullum
572 3745 615 3808 de
648 3744 741 3810 Silva
772 3743 877 3819 Nect',
900 3742 1066 3818 clericum,
1090 3740 1131 3803 ad
1163 3741 1337 3804 ecclesiam
1369 3740 1411 3802 de
1445 3740 1622 3805 Morecott'

355 3846 538 3923 admisisse,
554 3850 739 3931 ipsumque,
762 3856 846 3922 etc.;
870 3845 970 3909 salvis
993 3856 1054 3908 etc.
1112 3844 1213 3927 Quod
1237 3853 1273 3906 ut
1297 3853 1357 3906 etc.
1404 3843 1564 3907 Testibus
1588 3853 1622 3907 et

355 3949 435 4013 data
452 3954 536 4016 utin
553 3964 645 4016 carta
659 3953 703 4017 de
719 3953 885 4016 Broctone
900 3952 933 4013 in
950 3948 1219 4013 archidiaconatu
1238 3948 1350 4012 Oxon.

358 4272 431 4341 [The
443 4274 599 4326 imitation
611 4274 647 4341 os
657 4272 759 4326 Robert
768 4272 802 4325 de
812 4272 937 4325 Akelone
949 4276 975 4325 lo
987 4272 1032 4325 the
1042 4270 1141 4325 church
1153 4272 1189 4340 os
1195 4268 1426 4323 Arion-leWalls
1433 4286 1447 4331 ,·
1456 4284 1501 4321 see
1510 4272 1538 4337 p.
1552 4272 1623 4337 133]

447 4382 826 4448 Emonia-Omnibus
849 4393 910 4447 etc.
958 4382 1098 4446 Noverit
1125 4382 1322 4445 universitas
1352 4388 1461 4443 vestra
1489 4401 1552 4443 nos
1579 4379 1623 4444 ad

361 4488 643 4573 presentationem
671 4490 791 4552 Prioris
814 4499 848 4553 et
873 4497 1057 4552 conventus
1084 4486 1127 4550 de
1151 4486 1376 4561 Chaucumbe,
1404 4494 1621 4567 patronorum

359 4592 497 4657 ecclesie
534 4591 578 4655 de
616 4592 754 4670 Estone,
784 4592 944 4657 dilectum
983 4594 1016 4655 in
1049 4592 1182 4656 Christo
1220 4588 1324 4652 filium
1362 4586 1547 4649 Robertum
1579 4585 1622 4648 de

362 4696 529 4772 Aketone,
544 4695 709 4771 clericum,
724 4696 766 4759 ad
783 4696 926 4760 eandem
951 4696 1124 4760 ecclesiam
1149 4692 1332 4768 admisisse,
1350 4691 1528 4773 ipsumque
1550 4699 1622 4760 etc,

361 4801 452 4864 salva
474 4798 601 4864 eisdem
630 4800 735 4863 Priori
758 4810 792 4864 et
824 4800 1002 4865 conventui
1030 4819 1141 4863 annua
1165 4798 1200 4860 xl
1227 4795 1409 4859 solidorum
1437 4794 1621 4875 pensione;

360 4903 460 4966 salvis
475 4912 536 4966 etc.
583 4901 684 4985 Quod
709 4914 745 4967 ut
768 4914 829 4967 etc.
876 4903 1036 4967 Testibus
1058 4912 1092 4966 et
1115 4901 1204 4976 data,
1228 4908 1264 4963 ut
1281 4900 1314 4965 in
1331 4906 1423 4961 carta
1445 4894 1489 4959 de
1514 4896 1621 4961 Parva

360 5004 543 5070 Karletone
558 5006 591 5070 in
608 5005 877 5074 archidiaconatu
895 5008 1039 5079 Stouwe.
