3609 5642
600 564 778 661 Episcopi
792 565 1077 639 Lencolnz‘ense's.
1147 582 1150 591 '

296 800 366 885 [0²⁸
382 801 598 886 msam-¹]
695 890 835 956 ANNUS
861 900 990 955 xvltus·

213 1016 324 1081 [Robert
332 1014 367 1067 de
377 1013 501 1074 Alstone,
513 1014 684 1075 sub-rtem,
691 1016 840 1083 presented
847 1016 881 1084 by
891 1016 1025 1069 Ne'clrolas
1044 1016 1078 1070 rte
1102 1016 1218 1080 Verdun,
1239 1018 1264 1069 is
1283 1016 1430 1069 instituted
1445 1021 1472 1069 to

274 1096 319 1150 the
329 1095 431 1149 cturck
443 1098 478 1164 os
484 1096 624 1149 Newhotet
637 1096 767 1162 Vendun]

298 1207 742 1272 NEWBOLDE.—Robertus
765 1207 808 1273 de
833 1208 985 1287 Alstone,
1006 1209 1240 1287 subdiaconus,
1261 1220 1471 1293 presentatus

211 1333 269 1395 per
285 1311 487 1375 Nicholaum
503 1310 546 1374 de
561 1310 711 1388 Verdun‚
727 1311 877 1390 militem,
893 1311 936 1375 ad
952 1312 1128 1377 ecclesiam
1150 1312 1193 1377 de
1210 1313 1367 1391 Neubolt,
1383 1313 1472 1378 ἰθεῖθ

212 1416 301 1497 prius
332 1416 547 1497 inquisitione
578 1435 637 1498 per
669 1416 869 1498 Magistrum
904 1415 1100 1492 Robertum,
1131 1415 1319 1481 Officialem
1352 1417 1470 1481 Archi·

210 1518 343 1581 diaconi
383 1517 588 1595 Leircestrie‚
619 1538 678 1601 per
715 1538 817 1601 quam
856 1518 1029 1601 negotium
1061 1518 1124 1583 luit
1160 1520 1194 1582 in
1226 1519 1397 1601 expeditu,
1427 1520 1470 1583 ad

210 1620 353 1685 eandem
385 1620 552 1685 admissus
575 1629 635 1699 est,
660 1630 695 1685 et
719 1622 753 1685 in
780 1642 821 1685 ea
844 1622 1005 1686 canonice
1033 1642 1175 1704 persona
1200 1622 1378 1687 institutus.
1426 1623 1471 1687 Et

211 1723 409 1788 mandatum
434 1735 486 1788 est
510 1724 602 1788 dicto
629 1723 774 1789 Officiali
799 1734 837 1789 ut
861 1725 971 1808 ipsum
1001 1724 1196 1802 Robertum,
1219 1724 1472 1802 subdiaconum,

210 1829 242 1891 in
258 1828 468 1911 corporalem
484 1827 636 1909 ejusdem
652 1827 792 1893 ecclesie
809 1830 1054 1911 possessionem
1072 1828 1217 1893 inducat.

210 2097 351 2168 [W'Itiam
371 2098 405 2151 de
423 2098 541 2155 Benette.
563 2098 702 2167 chaptaen,
721 2099 871 2167 presented
892 2100 926 2168 by
945 2099 1024 2166 John
1046 2099 1081 2152 de
1101 2099 1213 2168 Bakep',
1237 2102 1263 2153 is
1280 2100 1426 2155 instituted
1445 2106 1472 2155 to

274 2181 321 2234 tlte
332 2180 433 2235 chnrctr
443 2180 480 2249 of
485 2180 626 2250 Alexton.]

299 2283 831 2347 ADLAKESTONE.—Willelmus
851 2284 894 2347 de
915 2283 1063 2361 Benetle,
1078 2283 1304 2367 cappellanus,
1325 2294 1471 2366 present-

210 2395 285 2450 atus
310 2406 370 2469 per
391 2386 580 2469 Johannem
612 2386 655 2449 de
679 2386 813 2469 Bakep',
837 2387 988 2463 militem,
1011 2386 1053 2450 ad
1080 2388 1255 2450 ecclesiam
1275 2386 1318 2451 de
1342 2387 1472 2453 Adthe-

211 2491 395 2566 lakestone,
410 2490 499 2553 sacta
522 2490 613 2573 prius
635 2490 850 2572 inquisitione
873 2512 932 2573 per
957 2490 1005 2567 R.,
1021 2488 1209 2555 Officialem
1234 2489 1471 2554 Archidiaconi

213 2593 419 2670 leircestrie,
446 2614 504 2677 per
533 2614 645 2675 quam,
675 2603 746 2670 etc,
772 2593 814 2657 ad
846 2593 988 2657 eandem
1021 2592 1187 2657 admissus
1216 2602 1278 2669 est,
1304 2604 1338 2657 et
1369 2594 1402 2656 in
1432 2614 1472 2657 ea

211 2697 373 2762 canonice
388 2718 530 2779 persona
551 2698 732 2774 institutus,
748 2718 824 2760 cum
846 2716 948 2761 onere
970 2696 1179 2760 ministrandi
1201 2695 1419 2780 personaliter
1437 2696 1471 2760 in

211 2802 339 2866 eadem.
387 2802 432 2865 Et
449 2800 647 2866 mandatum
664 2812 716 2865 est
731 2800 822 2865 dicto
839 2800 983 2866 Officiali
1001 2810 1046 2877 ut,
1061 2811 1122 2865 etc.

212 3071 353 3139 [Richard
360 3070 395 3124 de
407 3071 555 3135 Grelrame,
568 3071 705 3140 chaptern,
714 3070 862 3139 presented
875 3070 965 3138 hythe
975 3070 1065 3123 Abbot
1076 3070 1137 3122 and
1151 3070 1278 3124 Convent
1292 3072 1328 3139 os
1333 3070 1471 3133 Letcesm,

277 3156 303 3208 is
314 3153 461 3207 tnstinmd
467 3154 548 3207 mear
557 3154 592 3221 os
598 3152 749 3221 Euterpe]

301 3256 464 3321 Vrcssm
496 3269 545 3317 os
575 3254 1033 3319 lismensem-Rumon
1063 3254 1106 3319 de
1137 3254 1314 3331 Grahame,
1338 3255 1472 3338 cappel-

213 3362 318 3438 lanus,
335 3368 546 3444 presentatus
565 3380 625 3442 per
642 3359 812 3423 Abbatem
835 3370 871 3422 et
893 3370 1095 3423 conventum
1119 3359 1314 3423 Leircestrie
1337 3357 1379 3423 ad
1400 3379 1472 3441 per-

213 3477 350 3549 petuam
375 3464 533 3528 vicariam
560 3462 699 3527 ecclesie
728 3463 772 3527 de
803 3463 1008 3546 Endredeby
1034 3483 1111 3527 cum
1142 3464 1361 3546 pertinentiis,
1386 3463 1473 3527 facta

212 3570 306 3653 prius
329 3567 546 3651 inquisitione
569 3586 628 3649 per
649 3566 697 3643 R,
717 3564 906 3630 Officialem
930 3564 1166 3629 Archidiaconi
1191 3566 1396 3643 Ieircestrie,
1416 3586 1474 3649 per

212 3692 325 3756 quam,
351 3680 423 3748 etc,
447 3669 490 3733 ad
516 3668 658 3733 eandem
684 3669 851 3733 admissus
875 3680 935 3746 est,
961 3678 996 3734 et
1023 3670 1055 3732 in
1083 3689 1123 3732 ea
1149 3670 1309 3733 canonice
1333 3670 1473 3733 vicarius

213 3784 394 3859 perpetuus
416 3774 598 3850 institutus,
617 3794 692 3836 cum
716 3794 817 3837 onere
841 3772 1050 3837 ministrandi
1072 3762 1291 3855 personaliter
1310 3773 1342 3835 in
1362 3771 1473 3836 officio

213 3877 412 3943 sacerdotali
433 3878 467 3940 in
487 3876 616 3953 eadem,
631 3886 666 3939 et
685 3876 823 3940 habebit
841 3876 1077 3960 cappellanum
1098 3876 1225 3939 socium
1246 3876 1313 3939 suis
1333 3877 1472 3959 sumpti-

215 3981 275 4045 bus
302 3982 335 4044 in
360 3980 514 4064 cappella
537 3979 580 4043 de
606 3979 792 4044 Whestone
818 3980 1072 4043 ministrantem.
1118 3977 1163 4040 Et
1195 3978 1391 4042 mandatum
1422 3988 1473 4042 est

213 4086 305 4151 dicto
321 4082 464 4150 Officiali
481 4092 528 4161 ut,
542 4094 603 4147 etc.

214 4305 318 4375 [Hugh
337 4305 434 4369 Bam,
453 4304 624 4363 undem.
639 4302 790 4371 presented
806 4303 839 4371 by
858 4302 904 4355 the
922 4302 1012 4357 Abbot
1026 4302 1088 4354 and
1107 4302 1232 4354 Conuent
1245 4302 1281 4369 of
1293 4302 1431 4361 Leicester.
1448 4302 1473 4353 ts

276 4387 425 4443 tnsntnted
433 4392 461 4440 to
471 4386 517 4440 the
528 4386 629 4441 ctrnrctt
640 4389 676 4456 os
683 4386 774 4439 North
786 4386 950 4455 Ktlwortk]

301 4488 778 4572 KYVELINGWRDE.—Hugo
798 4488 907 4565 Barre,
928 4487 1161 4563 subdiaconus,
1181 4494 1391 4569 presentatus
1414 4505 1473 4568 per

216 4595 386 4660 Abbatem
416 4605 451 4658 et
481 4603 683 4657 conventum
718 4593 896 4656 Leicestrie
927 4592 970 4656 ad
1001 4592 1175 4655 ecclesiam
1206 4590 1249 4655 de
1280 4588 1471 4671 Kivelinge-

214 4699 350 4775 wurthe,
375 4697 464 4763 ἰθεῖθ
494 4698 585 4780 prius
615 4697 830 4779 inquisitione
861 4717 920 4779 per
948 4696 997 4772 R,
1021 4694 1208 4760 Officialem
1235 4691 1470 4756 Archidiaconi

215 4803 404 4878 Leicestrie,
436 4822 493 4885 per
530 4820 641 4883 quam,
671 4810 742 4876 etc,
772 4799 814 4863 ad
846 4800 988 4863 eandem
1020 4798 1185 4863 admissus
1215 4806 1274 4873 est,
1303 4806 1337 4859 et
1368 4796 1401 4858 in
1431 4817 1472 4860 ea

213 4906 374 4971 canonice
393 4924 537 4988 persona
557 4904 736 4968 institutus.
785 4904 829 4966 Et
854 4903 1051 4967 mandatum
1072 4912 1122 4965 est
1143 4900 1203 4975 W.¹
1225 4898 1471 4962 Archidiacono

217 5010 406 5086 leicestrie,
421 5019 467 5085 ut,
482 5018 543 5073 etc.
