3609 5642
688 534 825 607 Rotulz
839 534 1015 631 Hugonz's
1041 534 1085 607 de
1111 534 1243 606 Welles

336 766 454 832 [letters
464 768 501 835 os
507 768 553 821 tlte
564 768 672 836 Brsltop
683 769 801 837 reating
812 769 922 822 thatun
933 770 1098 837 r'nquisittbn
1111 769 1179 821 held
1186 770 1220 837 by
1230 769 1276 822 tlte
1287 769 1466 823 Archdeacon
1482 770 1535 822 has
1551 770 1597 823 de·

398 850 478 903 called
486 851 549 903 that
556 868 575 903 α
581 852 701 919 pensan
710 854 741 919 of
751 866 805 916 ²55·
817 851 887 903 add
873 868 899 903 rs
909 852 964 905 due
974 857 1001 905 to
1012 852 1057 905 llic
1068 852 1166 905 monles
1176 853 1212 920 os
1224 852 1263 907 st.
1276 852 1364 905 Neots
1371 852 1453 919 from
1475 851 1595 920 Clopton

399 932 501 985 church
508 933 594 999 ,·.Jan
608 952 646 998 14,
659 935 745 999 mo]

421 1042 861 1127 [CLOPTON].-Omnibus,
880 1055 942 1108 etc.
993 1045 1132 1107 Noverit
1152 1046 1349 1109 universitas
1369 1055 1478 1108 vestra
1501 1043 1593 1126 quod

334 1168 409 1210 cum
427 1149 651 1212 controversia
665 1170 731 1231 que
746 1149 937 1213 vertebatur
960 1151 993 1212 in
1018 1150 1108 1212 curia
1125 1148 1253 1212 domini
1272 1150 1375 1230 Regis
1398 1169 1498 1231 super
1519 1148 1595 1229 jure

335 1262 531 1333 patronatus
547 1252 686 1315 ecclesie
702 1252 745 1316 de
761 1253 927 1335 Cloptone
947 1253 1033 1315 inter
1050 1254 1196 1316 Priorem
1217 1252 1260 1315 de
1276 1252 1402 1317 Sancto
1420 1253 1532 1315 Neoto
1548 1273 1593 1315 ex

334 1375 400 1417 una
416 1364 510 1437 parte
525 1365 558 1418 et
577 1355 746 1419 Abbatem
767 1356 810 1419 de
827 1356 940 1438 Burgo
959 1377 1003 1419 ex
1020 1356 1125 1419 altera
1145 1356 1281 1420 tandem
1300 1358 1347 1419 ita
1362 1355 1405 1420 de
1428 1376 1593 1419 consensu

333 1458 477 1539 partium
494 1459 611 1522 sedata
628 1459 741 1522 luisset
758 1458 892 1534 ibidem,
908 1459 998 1541 quod
1016 1459 1119 1541 ipsius
1134 1459 1272 1523 ecclesie
1288 1468 1485 1541 patronatus
1501 1458 1594 1521 dicto

334 1562 461 1626 Abbati
475 1562 517 1626 de
530 1563 642 1644 Burgo
658 1564 690 1625 in
708 1574 906 1645 perpetuum
923 1574 1117 1640 remaneret,
1130 1564 1223 1625 salva
1240 1561 1317 1626 inde
1333 1562 1425 1625 dicto
1441 1562 1543 1625 Priori
1559 1573 1594 1626 et

333 1666 505 1728 monachis
528 1666 571 1729 de
596 1666 723 1731 Sancto
749 1666 860 1730 Neoto
890 1666 1004 1730 debita
1031 1676 1065 1729 et
1092 1668 1230 1749 antiqua
1255 1667 1424 1749 pensione,
1450 1676 1484 1729 et
1515 1686 1593 1729 cum

336 1769 552 1852 Rann[ulfus]
579 1769 622 1833 de
649 1770 815 1854 Cloptone
845 1781 879 1834 et
906 1771 1095 1835 Willelmus
1126 1772 1248 1847 Dacus,
1273 1772 1329 1853 qui
1361 1770 1513 1835 similiter
1537 1769 1594 1851 jus

334 1883 530 1956 patronatus
545 1874 579 1936 in
594 1873 685 1936 dicta
699 1873 839 1937 ecclesia
854 1874 1072 1937 vendicarunt
1092 1885 1126 1938 et
1142 1896 1202 1957 pro
1220 1875 1293 1956 jure
1313 1896 1373 1937 suo
1394 1876 1425 1936 in
1442 1874 1594 1957 capitulo

333 1976 396 2039 loci
412 1978 673 2061 appellaverunt,
689 1979 971 2061 appellationibus
992 1980 1054 2043 illis
1072 1981 1330 2055 renunciassent,
1346 2001 1405 2062 per
1427 1979 1592 2043 archidia-

332 2102 454 2144 conum
471 2081 535 2144 loci
555 2102 654 2163 super
676 2082 817 2146 ecclesia
841 2082 990 2164 predicta
1014 2094 1174 2165 tanquam
1198 2093 1349 2159 vacante,
1365 2068 1471 2165 prout'
1488 2082 1594 2145 moris

332 2194 392 2262 est,
408 2184 477 2247 lieri
494 2184 632 2248 fecimus
648 2185 908 2267 inquisitionem,
924 2206 1097 2268 perquam
1115 2186 1305 2269 accepimus
1324 2185 1415 2268 quod
1433 2184 1591 2248 monachi

332 2287 375 2350 dc
391 2286 518 2351 Sancto
535 2287 646 2351 Neoto
661 2308 681 2350 a
696 2287 920 2369 quadraginta
935 2290 1031 2351 annis
1047 2300 1081 2352 et
1095 2310 1136 2353 eo
1151 2289 1295 2371 amplius
1312 2298 1531 2371 perceperunt
1547 2288 1593 2352 de

332 2392 449 2455 eadem
466 2391 607 2455 ecclesia
623 2413 695 2454 xxv
711 2391 837 2454 solidos
852 2403 886 2456 et
905 2394 961 2455 viii
982 2392 1137 2455 denarios
1157 2393 1331 2456 annuatim
1352 2393 1490 2456 nomine
1509 2412 1592 2476 pen-

332 2497 445 2572 sionis,
464 2516 606 2578 quorum
628 2496 872 2579 possessionem
893 2498 941 2561 eis
960 2497 1157 2573 dimisimus
1177 2498 1262 2560 sicut
1283 2498 1373 2580 prius
1393 2496 1594 2575 habuerunt,

333 2600 366 2663 in
397 2598 496 2681 hujus
527 2600 572 2663 rei
603 2601 835 2664 testimonium
867 2600 1078 2683 presentibus
1110 2601 1228 2665 litteris
1259 2602 1404 2685 sigillum
1437 2610 1590 2665 nostrum

333 2713 551 2785 apponentes.
607 2704 698 2767 Data
726 2724 785 2787 per
810 2725 948 2769 manum
976 2706 1107 2768 Thome
1138 2705 1181 2770 de
1208 2705 1392 2769 Fislrerton'
1417 2705 1593 2789 capellani,

333 2807 484 2871 canonici
506 2808 608 2885 Linc’,
627 2807 718 2889 apud
740 2808 974 2892 Bugg[edene]
995 2810 1057 2871 xix
1082 2809 1243 2872 kalendas
1264 2810 1433 2873 Februarii
1456 2808 1591 2892 pontifi-

334 2921 428 2973 catus
444 2912 548 2973 nostri
565 2931 654 2973 anno
670 2912 715 2972 xi.

419 3152 563 3235 [Return
579 3161 610 3214 to
625 3152 760 3232 theface
773 3154 814 3232 os
821 3152 873 3215 the
889 3152 1073 3216 membrana
1083 3153 1152 3235 :-]

741 3282 881 3347 Annus
905 3295 1160 3347 uuooucnrus.

332 3408 405 3475 [The
415 3408 572 3460 institution
581 3407 617 3474 os
624 3407 732 3460 Walter
739 3406 774 3459 de
782 3406 948 3475 Dum'gtone
959 3412 985 3459 to
993 3407 1039 3459 tlte
1046 3406 1147 3459 chrercb
1154 3408 1189 3475 of
1198 3407 1370 3476 Thrapston,·
1380 3406 1444 3459 Dec.
1453 3410 1493 3471 2⁶,
1505 3408 1591 3477 rm]

418 3508 871 3574 TRAPSTONE.—-Omnibus
886 3508 985 3591 [etc.].
1033 3509 1172 3572 Noverit
1188 3509 1384 3573 universitas
1401 3519 1512 3572 vestra
1528 3530 1591 3572 nos

333 3615 376 3678 ad
403 3614 686 3697 presentationem
712 3612 857 3675 Abbatis
876 3621 910 3674 et
933 3623 1118 3676 conventus
1141 3611 1184 3674 de
1202 3612 1345 3688 Bruma,
1370 3623 1589 3695 patronorum

331 3718 470 3783 ecclesie
496 3717 539 3780 de
566 3715 764 3798 Trapstone,
790 3714 951 3778 dilectum
986 3717 1018 3777 in
1044 3716 1177 3779 Christo
1203 3714 1306 3778 filium
1333 3715 1519 3780 Walterum
1545 3716 1591 3783 de

333 3821 538 3903 Dunigtone,
553 3820 718 3896 clericum,
734 3818 776 3881 ad
799 3819 942 3882 eandem
966 3820 1140 3882 ecclesiam
1162 3818 1336 3881 admisisse
1352 3820 1529 3903 ipsumque
1553 3822 1589 3885 in

330 3946 371 3989 ea
386 3926 545 3988 canonice
569 3944 745 4005 personam
767 3923 958 3999 instituisse,
977 3924 1070 3985 salva
1089 3924 1188 3986 dictis
1205 3922 1332 3987 Abbati
1354 3934 1387 3987 et
1406 3930 1589 3991 conventui

331 4030 444 4094 debita
470 4038 504 4091 et
531 4028 670 4110 antiqua
697 4037 841 4109 quatuor
868 4028 1050 4090 solidorum
1074 4047 1260 4090 annuorum
1285 4027 1328 4092 de
1352 4029 1425 4111 ipsa
1446 4030 1590 4093 ecclesia

330 4135 499 4217 pensione,
522 4131 622 4195 salvis
644 4133 745 4194 etiam
772 4132 805 4193 in
829 4132 985 4195 omnibus
1009 4131 1254 4214 episcopalibus
1279 4132 1591 4213 consuetudinibus,

328 4247 389 4301 etc.
436 4235 537 4319 Quod
554 4246 590 4299 ut
606 4237 691 4318 [etc.,
702 4234 853 4318 sealing].
902 4236 978 4298 Hiis
994 4236 1144 4313 testibus,
1156 4235 1326 4301 Willelmo
1337 4236 1589 4303 Archidiacono

331 4340 482 4423 Buking’,
522 4341 693 4423 Magistris
734 4340 905 4403 Willelmo
943 4340 986 4403 de
1026 4340 1201 4403 Lincolnia
1242 4351 1277 4405 et
1311 4340 1510 4405 Theobaldo
1543 4343 1589 4408 de

330 4444 459 4519 Cantia‚
485 4444 584 4507 Petro
613 4444 656 4507 de
687 4442 861 4519 Bathonia,
893 4443 1061 4506 canonicis
1091 4443 1389 4521 Lincolniensibus,
1414 4445 1588 4529 Magistris

329 4548 498 4611 Willelmo
526 4547 570 4611 de
600 4547 721 4611 Cantia
750 4558 785 4611 et
816 4547 997 4611 Amaurico
1024 4547 1067 4611 de
1099 4548 1311 4631 Buggedene,
1342 4548 1513 4613 Willelmo
1543 4550 1588 4615 de

329 4650 606 4714 Winchelcumba
640 4660 674 4714 et
711 4650 848 4716 Olivero
888 4650 931 4713 de
973 4650 1158 4728 Chedneto,
1196 4652 1331 4715 clericis.
1394 4652 1485 4717 Data
1525 4676 1587 4738 per

329 4774 466 4817 manum
501 4753 633 4817 Thome
666 4754 708 4816 de
741 4754 915 4817 Fiskerton
946 4754 1119 4837 capellani,
1146 4756 1297 4819 canonici
1331 4756 1588 4835 Lincolniensis,

328 4859 419 4942 apud
440 4857 680 4940 Buggedenam
707 4858 853 4939 septimo
878 4856 1039 4921 kalendas
1066 4858 1224 4941 Januarii,
1246 4858 1459 4942 pontificatus
1480 4865 1586 4929 nostri

328 4983 417 5027 anno
434 4984 490 5025 xu.
