3609 5642
332 582 379 648 44
678 557 814 630 Rotulz'
836 557 1013 653 Hugonz's
1038 557 1082 630 de
1113 556 1246 630 Welles

331 768 465 837 [Thomas
476 767 613 836 Espmm,
623 769 791 831 sub-deucere,
796 769 943 835 presented
951 769 984 836 by
992 769 1168 837 Margevtde
1175 769 1307 836 Re'pan'es,
1320 769 1450 821 Countess
1461 768 1494 821 de
1505 767 1586 836 Hsle¹

396 853 420 902 is
431 849 685 918 imtitutedparsen
696 851 731 919 of
739 850 859 903 Crowell
867 865 903 902 on
915 851 960 902 the
970 851 1142 918 resignatam
1153 853 1189 920 os
1194 850 1291 903 Adam
1302 849 1336 902 de
1346 849 1516 915 Moreville.]

417 952 835 1018 CRAUWELL.-Thomas
889 952 1052 1034 Esperun,
1089 953 1323 1028 subdiaconuS,
1376 961 1586 1034 presentatus

330 1077 388 1138 per
408 1057 554 1120 nobilem
580 1057 750 1120 mulierem
776 1056 977 1139 Margeriam
1002 1056 1044 1120 de
1068 1057 1221 1138 Ripariis,
1240 1056 1445 1119 comitissam
1465 1055 1585 1132 insule,

328 1159 371 1224 ad
396 1161 570 1226 ecclesiam
596 1160 639 1224 de
664 1159 845 1238 Crauwell’,
860 1171 1036 1224 vacantem
1064 1182 1123 1243 per
1147 1160 1406 1244 resignationem
1435 1159 1512 1223 Ade
1539 1158 1583 1222 de

333 1264 493 1328 Morevill’
517 1265 636 1328 ultimo
661 1266 795 1329 rectoris
816 1264 978 1347 ejusdem,
994 1266 1082 1328 sacta
1103 1265 1193 1348 prius
1216 1264 1430 1346 inquisitione
1451 1284 1510 1346 per
1530 1262 1582 1339 Α.,

329 1370 612 1434 Archidiaconum
645 1368 767 1446 Oxon',
789 1381 823 1434 et
854 1370 995 1452 receptis
1026 1369 1143 1432 litteris
1173 1368 1301 1432 domini
1340 1367 1583 1443 Bathoniensis,

329 1475 419 1556 quod
450 1474 539 1537 idem
571 1472 612 1536 A.
643 1473 685 1536 ad
716 1473 806 1536 aliud
840 1472 1037 1539 beneficium
1076 1493 1189 1535 curam
1228 1471 1355 1535 habens
1392 1472 1580 1535 animarum

328 1598 497 1642 annexam
519 1576 683 1641 admissus
704 1575 811 1640 fuerat
835 1597 893 1658 per
913 1575 1068 1653 eundem,
1083 1596 1141 1657 per
1162 1596 1273 1658 quam,
1288 1585 1359 1651 etc.,
1375 1574 1418 1638 ad
1440 1575 1581 1638 eandem

328 1689 502 1754 ecclesiam
518 1689 562 1753 de
582 1687 753 1753 Crauwell'
773 1689 939 1752 admissus
962 1699 1021 1764 est,
1037 1697 1108 1765 etc.,
1123 1699 1156 1752 et
1181 1687 1376 1752 mandatum
1399 1698 1452 1752 est
1474 1687 1582 1752 eidem

333 1793 579 1858 Archidiacono
595 1802 641 1868 ut,
656 1801 718 1855 etc.

330 1965 416 2034 [Rals
421 1964 455 2017 de
471 1962 596 2023 Wrdvel,
606 1961 775 2021 sub-deacon⁸
783 1961 931 2029 presented
943 1962 977 2030 by
992 1960 1117 2015 Willrirm
1134 1962 1245 2021 Bueun,
1256 1962 1287 2013 in
1303 1961 1385 2030 n'glrl
1400 1961 1436 2030 of
1449 1960 1495 2014 his
1510 1961 1585 2036 wife,

396 2047 460 2099 who
471 2045 531 2098 lead
539 2042 683 2098 recovered
692 2043 736 2096 tlte
746 2043 906 2108 advowson,
917 2044 942 2096 is
958 2042 1214 2110 institutedparson
1230 2042 1267 2110 of
1271 2043 1450 2111 Fringford.]

419 2146 964 2212 RENNINGFORDE.¹-Radulsus
993 2146 1036 2209 de
1068 2144 1220 2222 Wuluel',
1250 2145 1483 2223 subdiaconus,
1514 2166 1585 2228 pre-

331 2263 480 2318 sentatus
502 2273 560 2334 per
587 2250 792 2314 Willelmum
822 2251 949 2328 Buzun,
965 2250 1093 2313 ratione
1119 2249 1233 2312 uxoris
1259 2269 1326 2326 sue,
1342 2248 1385 2312 ad
1410 2249 1584 2313 ecclesiam

330 2357 373 2420 de
405 2355 649 2438 Feringeforde,
674 2354 763 2419 facta
789 2355 879 2437 prius
905 2352 1119 2435 inquisitione
1146 2373 1205 2435 per
1232 2352 1284 2429 Α.,
1301 2351 1584 2417 Archidiaconum

332 2459 454 2536 Oxon’‚
469 2470 502 2523 et
525 2459 666 2542 receptis
690 2457 807 2522 litteris
823 2457 951 2520 domini
977 2457 1080 2539 Regis
1096 2455 1190 2538 quod
1207 2455 1395 2520 Willelmus
1420 2457 1536 2521 Buzun
1551 2467 1586 2521 et

333 2564 438 2648 Marg’
469 2585 555 2627 uxor
592 2563 664 2645 ejus
693 2583 806 2626 coram
835 2561 1025 2642 justiciariis
1056 2560 1146 2644 apud
1184 2560 1520 2625 Westmonasterium
1552 2562 1584 2625 in

330 2669 421 2732 curia
450 2667 601 2749 ejusdem
632 2667 759 2730 domini
791 2676 1069 2749 recuperaverunt
1100 2665 1382 2748 presentationem
1414 2686 1510 2729 suam
1541 2666 1583 2730 ad

329 2772 504 2837 ecclesiam
520 2771 563 2835 de
585 2769 820 2854 Feringeforde
840 2790 954 2833 versus
978 2770 1124 2833 Priorem
1140 2769 1184 2832 de
1199 2767 1318 2851 Coges,
1335 2769 1584 2853 Eustach[ium]

331 2877 374 2942 de
401 2875 569 2941 Greinvill’
593 2884 628 2938 et
654 2875 844 2957 Johannam
869 2893 1012 2938 uxorem
1037 2873 1119 2955 ejus,
1146 2872 1313 2935 Thomam
1345 2873 1388 2936 de
1420 2873 1522 2956 Haya
1551 2883 1586 2938 et

332 2979 521 3064 Alex[iam]
552 3001 693 3044 uxorem
724 2979 805 3061 ejus,
836 3000 895 3063 per
924 2979 1066 3041 assisam
1099 2976 1215 3039 ultime
1246 2977 1512 3059 presentationis,
1529 2998 1587 3060 per

331 3106 442 3168 quam,
458 3093 528 3161 etc.,
544 3083 586 3147 ad
602 3083 744 3150 eandem
761 3083 936 3147 ecclesiam
953 3081 1120 3145 admissus
1138 3089 1198 3156 est,
1213 3089 1274 3142 etc.
1323 3079 1368 3143 Et
1389 3080 1586 3144 mandatum

331 3199 383 3254 est
397 3187 506 3253 eidem
525 3186 772 3250 Archidiacono
788 3196 834 3261 ut,
849 3195 913 3250 etc.

331 3357 468 3428 [Re'clrard
487 3357 520 3410 de
538 3357 753 3426 Bassingburne,
773 3355 942 3417 subdeaeon,
958 3355 1107 3422 presented
1120 3354 1154 3422 by
1177 3353 1301 3406 Wlliam
1317 3353 1351 3406 de
1368 3353 1456 3421 Dm,
1467 3354 1492 3406 is
1510 3355 1587 3406 insti-

396 3439 474 3493 tuted
477 3442 584 3506 parson
600 3440 636 3507 os
648 3437 857 3506 Dueelington]

420 3539 953 3606 DUKELINGTONE.-Ricardus
979 3539 1021 3604 de
1050 3539 1327 3622 Bassingebume,
1353 3537 1586 3614 subdiaconus,

333 3655 543 3729 presentatus
574 3665 632 3728 per
662 3644 868 3708 Willelmum
899 3643 942 3707 de
966 3643 1075 3725 Dyva,
1102 3643 1253 3719 militem,
1276 3642 1318 3706 ad
1345 3641 1518 3706 ecclesiam
1543 3642 1587 3707 de

333 3749 569 3826 Dukelintone,
585 3749 673 3813 facta
689 3749 779 3832 prius
795 3748 1009 3831 inquisitione
1025 3768 1084 3830 per
1100 3746 1152 3824 Α.,
1164 3745 1447 3810 Archidiaconum
1465 3746 1586 3823 Oxon',

331 3875 390 3936 per
405 3873 516 3936 quam,
531 3862 602 3930 etc.,
618 3852 660 3916 ad
676 3851 818 3916 eandem
841 3852 1007 3916 admissus
1028 3863 1079 3916 est
1097 3862 1131 3915 et
1150 3851 1183 3914 in
1204 3871 1245 3914 ea
1262 3850 1423 3914 canonice
1443 3871 1585 3934 persona

332 3957 503 4020 institutus
518 3978 525 4034 ;
549 3966 582 4020 et
599 3955 795 4020 mandatum
811 3966 862 4019 est
878 3955 987 4020 eidem
1006 3954 1254 4018 Archidiacono
1270 3963 1315 4030 ut,
1331 3964 1391 4017 etc.

332 4126 452 4194 [Walter
460 4125 495 4179 de
508 4125 667 4190 Gloucester,
679 4125 848 4190 sub-deacon,
855 4125 1005 4193 presented
1021 4125 1054 4193 by
1073 4124 1119 4177 the
1136 4123 1225 4176 Attot
1242 4125 1278 4193 of
1292 4123 1452 4187 Gloucester,
1465 4125 1491 4176 is
1507 4125 1585 4176 insti-

395 4207 473 4260 tuted
476 4211 583 4276 parson
594 4207 630 4275 of
644 4207 787 4276 Chrpping
798 4207 928 4275 norton]

420 4311 827 4392 Minoum-Magister
843 4309 1010 4374 Walterus
1026 4308 1068 4372 de
1090 4307 1336 4390 Glouc[estria],
1352 4307 1585 4385 subdiaconus,

332 4425 541 4496 presentatus
565 4435 624 4497 per
646 4413 816 4477 Abbatem
841 4423 875 4477 et
897 4422 1100 4476 conventum
1116 4411 1159 4474 de
1183 4411 1392 4475 Gloucestria
1415 4410 1458 4474 ad
1480 4411 1584 4476 eccle-

332 4517 414 4580 siam
438 4517 481 4581 de
506 4517 667 4594 Nortona,
686 4517 773 4580 sacta
796 4518 888 4598 prius
911 4516 1126 4598 inquisitione
1149 4535 1207 4596 per
1233 4513 1282 4592 Α.,
1300 4513 1584 4578 Archidiaconum

333 4620 454 4695 Oxon',
481 4641 538 4702 per
558 4640 669 4702 quam,
688 4629 759 4696 etc.,
779 4619 821 4683 ad
842 4618 984 4683 eandem
1005 4618 1170 4681 admissus
1190 4627 1241 4681 est
1260 4628 1294 4681 et
1314 4618 1347 4680 in
1366 4638 1407 4681 ea
1426 4617 1585 4682 canonice

332 4745 482 4809 persona,
497 4735 558 4788 etc.
607 4724 652 4789 Et
668 4725 865 4788 mandatum
882 4735 933 4787 est
948 4723 1040 4786 dicto
1058 4721 1305 4786 Archidiacono
1321 4733 1367 4799 ut,
1383 4732 1444 4786 etc.

397 4936 480 4988 ¹The
500 4936 591 4989 scribe
608 4937 639 4987 os
654 4937 734 4988 these
749 4938 881 5004 marginal
898 4953 994 4989 names
1012 4937 1064 4987 has
1080 4935 1200 4986 misread
1220 4934 1242 4985 F
1261 4953 1292 4986 as
1311 4935 1341 4993 R.
1363 4939 1418 4986 aud
1434 4936 1485 4987 has
1502 4937 1584 4986 taken

333 5021 379 5072 the
392 5028 440 5085 top
453 5019 546 5070 stroke
560 5017 591 5069 os
605 5018 652 5070 the
666 5017 687 5069 F
699 5027 727 5070 to
740 5019 775 5070 be
789 5019 834 5070 the
848 5019 952 5085 signos
966 5035 1001 5070 an
1015 5018 1129 5069 omitted
1146 5017 1203 5068 “u'’.
