3609 5642
347 559 412 628 132
684 535 821 608 Rotulz'
843 535 1020 630 Hugonz’s
1045 537 1089 608 de
1123 535 1256 609 Welles

339 770 428 838 [Rois.
446 785 497 822 son
513 769 549 837 of
560 769 660 836 Roget,
676 768 844 833 sub-deacon,
861 771 887 822 is
903 770 1051 824 instituted
1063 776 1090 823 to
1106 770 1151 823 tire
1166 771 1267 824 chureii
1284 774 1316 840 ο]
1330 772 1486 842 Maidford,
1503 791 1541 826 on
1557 773 1602 826 tlte

397 853 587 919 presentation
597 851 633 918 of
644 849 743 919 Hemy
753 851 788 904 de
798 850 920 920 Almo]

428 961 912 1039 MAIDEFORDE.-—Radulsus,
935 960 1021 1024 filius
1053 962 1186 1044 Rogeri,
1209 963 1442 1043 subdiaconus,
1465 986 1599 1049 presen-

337 1073 427 1128 tatus
451 1085 509 1147 per
534 1064 718 1127 Henricum
742 1064 785 1128 de
808 1064 935 1128 Alneto
955 1065 997 1127 ad
1021 1064 1195 1128 ecclesiam
1211 1064 1254 1128 de
1279 1065 1497 1144 Maidel'orde,
1512 1069 1600 1132 facta

338 1169 427 1252 prius
451 1167 665 1251 inquisitione
687 1187 746 1248 per
769 1168 818 1243 R,
842 1167 1029 1232 Officialem
1055 1168 1291 1233 Archidiaconi
1320 1169 1598 1255 Norhamptonie,

338 1293 397 1355 per
422 1292 532 1354 quam,
553 1280 623 1348 etc,
646 1270 689 1334 ad
713 1271 855 1334 eandem
879 1271 1045 1334 admissus
1069 1281 1129 1347 est,
1153 1282 1213 1335 etc.
1262 1273 1306 1335 Et
1333 1275 1520 1355 injunctum
1547 1285 1599 1339 est

335 1376 445 1440 eidem
469 1375 559 1458 quod
590 1375 697 1438 scolas
728 1373 924 1456 frequentet
972 1374 1018 1439 Et
1048 1375 1245 1439 mandatum
1276 1385 1328 1440 est
1358 1377 1450 1440 dicto
1478 1378 1597 1442 Archi-

336 1478 479 1543 diacono
495 1489 541 1555 ut,
556 1488 617 1542 etc.

304 1701 305 1706 ἵ
334 1735 476 1805 [Wlliam
494 1735 527 1788 de
541 1735 661 1794 Cretone.
671 1735 841 1794 sub-deacon¹
853 1736 878 1789 is
894 1735 1042 1788 instituted
1050 1741 1078 1788 to
1093 1735 1138 1788 the
1153 1735 1254 1789 clturclr
1270 1736 1306 1803 os
1320 1736 1406 1790 Great
1424 1737 1548 1802 Creatori,
1561 1755 1598 1791 on

399 1818 443 1871 tlte
450 1819 638 1885 presentatzon
650 1817 685 1884 of
697 1816 789 1886 Hugh
800 1816 834 1870 de
850 1817 1031 1880 Whichetone,
1044 1817 1213 1888 ltr'ssatlten]

422 1935 848 2002 CRETONE.—Willelmus
870 1935 914 2000 de
944 1936 1098 2014 Cretone,
1124 1937 1357 2014 subdiaconus,
1385 1949 1598 2021 presentatus

335 2060 392 2123 per
424 2040 606 2123 Hugonem
636 2039 679 2103 de
709 2038 941 2116 Whichetone,
972 2050 1100 2122 patrem
1132 2060 1239 2116 suum,
1270 2040 1312 2104 ad
1348 2041 1524 2105 ecclesiam
1554 2041 1598 2106 de

333 2145 487 2222 Crotone,
508 2144 598 2208 facta
628 2145 718 2226 prius
742 2145 957 2226 inquisitione
987 2165 1046 2226 per
1071 2144 1119 2220 R.,
1143 2142 1331 2208 Officialem
1357 2145 1596 2209 Archidiaconi

333 2249 585 2324 Norhamtonie,
608 2247 749 2330 receptis
778 2249 880 2310 etiam
911 2247 1028 2311 litteris
1055 2247 1182 2311 domini
1215 2248 1317 2330 Regis
1348 2249 1598 2312 continentibus

333 2350 423 2433 quod
456 2373 531 2414 cum
566 2351 670 2414 assisa
703 2350 821 2416 ultime
854 2351 1119 2432 presentationis
1146 2361 1218 2425 etc,
1249 2351 1338 2432 apud
1365 2350 1597 2415 Westmonas-

332 2457 451 2519 terium
475 2457 562 2519 inter
587 2455 768 2536 Hugonem
792 2454 835 2517 de
857 2454 1097 2518 Whichintone
1120 2465 1153 2518 et
1178 2454 1311 2520 Sarram
1336 2476 1477 2518 uxorem
1501 2477 1597 2520 suam

334 2571 521 2642 querentes,
546 2571 580 2622 et
612 2557 793 2621 Ricardum
828 2558 870 2621 de
905 2557 1019 2621 Tokes
1052 2556 1267 2621 deforciatem
1301 2559 1344 2621 de
1376 2559 1597 2623 advocatione

335 2664 474 2727 ecclesie
504 2661 546 2726 de
577 2662 731 2738 Cretone,
773 2661 860 2725 idem
908 2661 1071 2725 Ricardus
1113 2663 1277 2725 concessit
1311 2661 1435 2726 ibidem
1470 2663 1596 2728 eisdem

337 2767 473 2850 Hugoni
495 2776 529 2829 et
549 2766 646 2831 Sarre
670 2766 952 2848 presentationem
975 2786 1071 2828 suam
1096 2765 1138 2828 ad
1162 2765 1304 2828 eandem
1329 2767 1525 2845 ecclesiam
1548 2789 1596 2830 re-

332 2871 437 2952 ceptis
464 2871 565 2933 etiam
590 2869 662 2932 aliis
686 2869 803 2931 litteris
826 2869 954 2932 domini
980 2868 1083 2950 Regis
1107 2869 1323 2952 postmodum
1347 2871 1596 2934 continentibus

332 2972 422 3054 quod
438 2993 514 3035 cum
532 2972 605 3035 Eva
620 2971 663 3035 de
679 2972 823 3037 Cretone
839 2973 1045 3035 summonita
1064 2981 1162 3048 esset,
1177 2981 1249 3050 etc,
1266 2972 1307 3035 ad
1325 2972 1594 3056 respondendum

335 3076 474 3159 Hugoni
489 3085 523 3139 et
541 3076 637 3140 Sarre
653 3074 810 3158 predictis
826 3095 928 3157 quare
945 3075 1017 3158 ipsa
1040 3074 1215 3157 impedivit
1233 3096 1291 3138 eos
1310 3087 1510 3158 presentare,
1524 3088 1595 3154 etc,

335 3200 393 3262 per
415 3179 715 3243 considerationem
739 3177 889 3260 ejusdem
915 3179 1003 3243 curie
1031 3180 1191 3244 remansit
1219 3181 1421 3262 presentatio
1443 3180 1593 3262 ejusdem

336 3284 474 3347 ecclesie
498 3282 656 3366 predictis
681 3283 821 3366 Hugoni
843 3293 878 3346 et
902 3282 1008 3359 Sarre,
1035 3303 1094 3365 per
1116 3303 1180 3364 que
1204 3284 1375 3365 negotium
1401 3284 1462 3347 suit
1486 3285 1518 3347 in
1537 3305 1595 3348 ex-

334 3386 459 3470 pedito,
475 3387 517 3449 ad
541 3386 682 3449 eandem
706 3386 881 3449 ecclesiam
906 3386 1071 3449 admissus
1087 3397 1147 3462 est,
1162 3396 1196 3449 et
1219 3387 1252 3449 in
1268 3408 1317 3464 ea,
1332 3397 1393 3450 etc.
1440 3387 1486 3450 Et
1503 3409 1593 3451 man-

333 3491 449 3553 datum
466 3498 516 3552 est
533 3488 789 3565 Archidiacono,
805 3499 865 3552 etc.

334 3746 426 3815 [John
450 3745 484 3799 de
505 3747 668 3810 Einesttam,
689 3746 828 3813 chaplaz'n,
847 3745 873 3796 is
894 3745 1040 3798 instituted
1058 3750 1085 3798 to
1107 3746 1153 3799 the
1170 3745 1321 3814 perpetual
1342 3747 1475 3814 viatrage
1496 3747 1533 3815 of
1551 3749 1590 3800 St.

399 3828 851 3894 Sepulchrts.n10rrtampton‚on
870 3828 915 3880 tire
926 3828 1115 3894 presentaten
1133 3829 1168 3896 os
1180 3828 1225 3880 tite
1242 3829 1330 3880 Prior
1345 3828 1407 3881 anet
1418 3829 1545 3882 convent
1561 3830 1595 3896 os

397 3911 437 3962 St.
450 3909 604 3973 Andrav's,
616 3909 844 3977 Northampton.]

419 4028 581 4092 vrcmn
598 4028 740 4094 Senem
755 4029 982 4102 Suruncam,
996 4027 1538 4111 Nonunne‘roma-Johannes
1552 4028 1594 4091 de

335 4131 526 4208 Einesham,
551 4132 775 4215 cappellanuS,
799 4141 1009 4216 presentatus
1044 4152 1102 4214 per
1134 4132 1281 4195 Priorem
1317 4143 1351 4196 et
1385 4142 1590 4196 conventum

334 4235 365 4297 N
368 4235 577 4299 orhamtonie
596 4235 638 4299 ad
659 4246 853 4319 perpetuam
869 4236 1027 4299 vicariam
1046 4235 1185 4299 ecclesie
1201 4235 1318 4301 Sancti
1336 4235 1485 4318 Sepulcri
1508 4235 1591 4298 Nor·

334 4339 513 4416 hamtonie,
534 4339 621 4403 lacta
647 4340 737 4423 prius
762 4339 975 4423 inquisitione
995 4359 1054 4422 per
1075 4338 1124 4415 R,
1143 4337 1330 4402 Officialem
1353 4337 1590 4402 Archidiaconi

335 4440 587 4518 Norhamtonie,
603 4462 785 4525 perquam,
801 4452 871 4518 etc,
886 4443 929 4507 ad
945 4441 1088 4506 eandem
1105 4441 1271 4504 admissus
1287 4451 1338 4504 est
1354 4451 1388 4504 et
1408 4441 1442 4503 in
1457 4461 1498 4504 ea
1515 4461 1592 4504 cum

334 4563 434 4606 onere
454 4553 487 4606 et
508 4564 595 4626 pena
614 4545 820 4622 vicariorum,
835 4554 895 4608 etc.
945 4544 1081 4608 Vicaria
1101 4553 1213 4606 autem
1235 4544 1433 4607 auctoritate
1448 4543 1589 4607 Concilii

334 4666 392 4728 per
414 4646 587 4710 dominum
608 4647 813 4730 Episcopum
838 4649 870 4710 in
894 4647 982 4711 hunc
1007 4648 1144 4712 modum
1168 4656 1220 4711 est
1242 4646 1417 4711 ordinata:
1445 4648 1588 4713 vicarius

335 4750 450 4816 Sancti
472 4750 623 4832 Sepulcri
647 4751 783 4814 habebit
810 4751 946 4815 nomine
968 4752 1089 4815 vicarie
1111 4772 1179 4828 sue,
1202 4763 1274 4826 etc,
1294 4761 1331 4814 ut
1361 4751 1394 4814 in
1420 4751 1530 4815 rotulo
1551 4752 1594 4816 de

333 4853 462 4917 vicariis
486 4852 636 4934 ejusdem
663 4853 958 4918 archidiaconatus
1005 4854 1050 4919 Et
1071 4855 1268 4921 mandatum
1292 4864 1344 4917 est
1363 4853 1456 4918 dicto
1474 4855 1591 4919 Archi·

334 4956 476 5021 diacono
491 4967 536 5034 ut,
552 4966 612 5020 etc.
