3609 5642
336 559 387 634 ι7ο
645 540 813 616 notua
835 540 1013 640 Huganes
1039 544 1084 618 de
1118 541 1250 619 Welles

337 776 430 845 [saltn
448 778 482 830 de
498 778 648 838 Daoentre,
660 778 798 846 adaptata,
805 780 956 847 presented
968 781 1001 849 by
1017 780 1062 834 tlte
1078 780 1166 834 Prior
1178 782 1240 835 and
1257 782 1382 835 Conuent
1396 782 1432 850 of
1439 780 1596 834 Cumbwell

403 866 429 913 ta
440 860 486 914 tite
496 862 626 930 ue'carage
636 861 672 929 os
678 861 762 914 mele
772 862 918 923 Bn'ckkill,
930 865 956 915 is
966 863 1111 916 instincted
1119 863 1229 916 tkereta.
1266 864 1293 915 Τ
1289 862 1323 916 lu
1333 864 1464 931 vicarage
1480 864 1594 917 censt'sts

402 942 438 1010 os
450 942 495 995 tite
513 943 645 1012 altarage,
659 961 715 996 1oa.
734 945 770 1012 os
780 944 854 1006 land,
867 945 929 997 and
944 961 995 998 ene
1011 961 1073 998 aare
1089 947 1125 1008 of
1139 946 1269 1010 meddam,
1281 945 1342 998 and
1356 946 1382 997 is
1397 946 1486 998 wantis
1503 945 1594 1013 barely

294 1089 297 1093 Ι
403 1044 420 1090 4
431 1026 533 1088 mab,
544 1026 654 1080 because
664 1028 689 1080 it
698 1042 757 1080 was
768 1027 932 1080 constituted
940 1028 1031 1095 before
1041 1028 1087 1081 the
1102 1029 1233 1097 Coeant]

428 1163 555 1225 PARVA
602 1163 1035 1246 BRICHILLE.—Johannes
1079 1165 1123 1228 de
1169 1165 1349 1242 Daventre,
1392 1164 1593 1247 capellanus,

339 1277 548 1349 presentatus
564 1288 623 1350 per
640 1269 784 1332 Priorem
802 1278 836 1332 et
851 1278 1053 1332 conventum
1070 1268 1113 1332 de
1129 1267 1354 1332 Cumbewelle
1376 1267 1419 1331 ad
1435 1268 1592 1331 vicariam

339 1371 381 1434 de
399 1372 504 1434 Parva
521 1370 685 1448 Brichille,
701 1371 788 1435 facta
810 1371 900 1454 prius
924 1372 1137 1453 inquisitione
1161 1393 1220 1455 per
1237 1372 1292 1448 M,
1308 1370 1592 1435 Archidiaconum

340 1474 690 1558 Bukinghamiensem,
707 1495 765 1557 per
780 1495 891 1556 quam,
907 1486 978 1551 etc,
993 1475 1035 1538 ad
1052 1474 1193 1538 eandem
1210 1474 1376 1539 admissus
1391 1485 1451 1552 est,
1466 1485 1501 1538 et
1516 1493 1592 1537 cum

338 1599 439 1642 onere
450 1587 485 1642 et
498 1599 585 1661 pena
600 1579 798 1642 vicariorum
812 1580 992 1643 institutus.
1031 1579 1193 1644 Consistit
1209 1589 1321 1642 autem
1339 1579 1410 1661 ipsa
1422 1579 1545 1642 vicaria
1560 1579 1593 1641 in

318 1693 411 1746 toto
429 1684 588 1766 altalagio
610 1693 645 1747 et
667 1683 783 1747 decem
807 1684 891 1747 acris
915 1693 1000 1748 terre
1026 1695 1061 1748 et
1083 1704 1149 1746 una
1172 1704 1249 1747 acra
1271 1684 1366 1766 prati,
1381 1693 1416 1747 et
1430 1682 1520 1746 valet
1534 1683 1593 1745 vix

338 1799 480 1870 quatuor
503 1808 640 1864 marcas,
655 1789 734 1869 quia
757 1798 875 1851 taxata
898 1787 960 1851 fuit
983 1798 1062 1852 ante
1084 1787 1280 1852 Concilium.
1327 1788 1373 1851 Et
1396 1785 1593 1850 mandatum

338 1901 390 1956 est
404 1891 495 1954 dicto
511 1891 760 1955 Archidiacono
776 1901 821 1967 ut,
837 1901 898 1955 etc.

338 2102 450 2171 [Robert
458 2102 492 2155 de
502 2102 532 2153 E
532 2102 616 2155 ddesiz
619 2118 699 2165 awre,
705 2103 872 2166 nddeacan,
876 2102 1026 2170 presented
1034 2103 1066 2170 by
1074 2103 1120 2155 the
1128 2102 1217 2155 Abbot
1223 2103 1285 2155 and
1293 2103 1419 2155 Convent
1426 2102 1598 2170 eeslaeseester

404 2185 486 2238 tettae
497 2186 629 2253 maarage
639 2185 675 2252 os
681 2184 807 2248 Adstoak,
820 2186 845 2237 is
853 2184 999 2237 instituted
1008 2184 1131 2252 thereta]

427 2311 857 2376 Anemosa-Romus
898 2311 941 2375 de
981 2311 1217 2388 Eddeshowre,
1257 2309 1492 2388 subdiaconus,
1522 2331 1595 2394 pre-

340 2426 490 2480 sentatus
507 2437 566 2498 per
583 2415 752 2498 Abbatem
769 2426 803 2479 et
818 2425 1021 2479 conventum
1038 2415 1081 2478 de
1105 2415 1286 2478 Leicestria
1302 2414 1344 2477 ad
1361 2415 1536 2478 ecclesiam
1552 2414 1595 2478 de

340 2519 524 2597 Adestoke,
554 2519 642 2582 sacta
672 2520 762 2602 prius
793 2518 1007 2600 inquisitione
1036 2539 1096 2601 per
1127 2517 1182 2594 M,
1214 2517 1507 2595 Archidiaconum,
1537 2539 1596 2601 per

339 2644 450 2706 quam,
466 2633 537 2700 etc,
552 2622 595 2686 ad
619 2622 761 2686 eandem
784 2621 950 2685 admissus
973 2632 1109 2698 estete.
1156 2621 1202 2684 Et
1218 2621 1414 2685 mandatum
1438 2631 1490 2686 est
1504 2619 1596 2686 dicto

341 2725 590 2790 Archidiacono
606 2735 651 2802 ut,
666 2735 727 2789 etc.

340 2945 452 3015 [Rabeet
460 2945 494 2998 de
510 2944 669 3007 Wemtouu,
682 2943 820 3012 adaptant,
824 2944 973 3012 presented
981 2943 1015 3012 by
1022 2945 1067 2997 tiu
1078 2944 1232 2996 Peiorand
1243 2944 1368 2996 Convent
1376 2944 1412 3012 os
1419 2942 1595 3003 Sentinati,

406 3028 430 3080 is
441 3027 587 3081 instituted
595 3032 622 3080 ta
633 3025 678 3079 the
688 3027 819 3095 uicarage
829 3027 864 3094 of
876 3025 1035 3079 Wendaver.
1075 3024 1132 3078 The
1141 3027 1274 3094 vicarage
1285 3027 1310 3078 is
1319 3031 1361 3078 set
1370 3025 1437 3093 aut]

428 3154 657 3219 WENDOURE
688 3153 1074 3217 VICAR1n.—R0bertus
1104 3152 1147 3216 de
1171 3152 1373 3230 Wendoure,
1395 3152 1596 3236 capellanus,

342 3269 552 3342 presentatus
576 3279 635 3340 per
659 3258 803 3320 Priorem
828 3269 862 3320 et
885 3266 1087 3320 conventum
1107 3256 1149 3320 de
1171 3256 1349 3322 Suwercke
1372 3256 1415 3319 ad
1440 3257 1595 3320 vicariam

341 3361 734 3436 ecclesiedeWendoure,
747 3360 834 3423 lacta
845 3362 935 3443 prius
948 3360 1161 3442 inquisitione
1175 3381 1233 3441 per
1244 3360 1299 3436 M,
1312 3359 1594 3423 Archidiaconum

344 3465 694 3548 Bukinghamiensem,
710 3484 768 3546 per
783 3484 895 3546 quam,
910 3475 980 3539 etc,
996 3463 1039 3526 ad
1055 3464 1196 3526 eandem
1213 3463 1379 3527 admissus
1394 3473 1455 3540 est,
1469 3474 1505 3527 et
1519 3484 1595 3527 cum

342 3591 443 3635 onere
458 3580 493 3633 et
509 3590 596 3652 pena
618 3569 814 3631 vicariorum
838 3569 1018 3631 institutus.
1065 3567 1226 3630 Consistit
1249 3577 1362 3631 autem
1379 3568 1452 3650 ipsa
1474 3569 1597 3632 vicaria

343 3675 376 3736 in
393 3683 465 3736 toto
489 3673 652 3754 altaragio
675 3684 709 3734 et
737 3673 770 3733 in
797 3673 896 3734 tertia
919 3670 1023 3753 garba
1049 3670 1254 3733 decimarum
1282 3670 1326 3734 de
1354 3680 1427 3734 tota
1449 3671 1537 3748 villa,
1562 3681 1597 3736 et

342 3777 519 3840 sustinebit
546 3775 686 3838 vicarius
709 3775 821 3837 omnia
844 3773 1047 3857 episcopalia
1069 3784 1103 3836 et
1125 3774 1403 3837 archidiaconalia
1426 3774 1541 3838 debita
1563 3785 1597 3839 et

343 3890 510 3946 consueta.
557 3879 603 3942 Et
619 3877 816 3940 mandatum
832 3888 883 3940 est
898 3877 1008 3940 eidem
1026 3875 1273 3940 Archidiacono
1289 3886 1335 3954 ut,
1349 3887 1411 3942 etc.

344 4093 467 4161 [Walter
476 4091 510 4144 de
521 4091 736 4158 Rathamagum,
745 4088 913 4150 sub-deacan,
917 4087 1066 4155 presented
1073 4087 1105 4156 by
1117 4089 1243 4142 Willtam
1254 4088 1430 4150 Mauduitlte,
1439 4089 1486 4143 tlte
1495 4091 1598 4162 mags

412 4175 612 4238 Chamberlain,
626 4181 653 4227 to
664 4173 709 4226 tiae
720 4173 821 4226 cleurale
833 4173 868 4240 os
879 4171 1037 4240 Haundge,
1050 4173 1152 4240 astera
1162 4173 1220 4224 suit
1234 4172 1271 4240 os
1281 4173 1398 4225 daeneen
1410 4176 1600 4240 presentment

409 4273 441 4310 as
452 4262 479 4310 to
490 4256 535 4309 tlte
545 4257 698 4308 advowsan
709 4255 823 4323 against
833 4252 959 4306 Richard
966 4253 1001 4306 de
1016 4253 1189 4321 Tingehurst,
1203 4254 1228 4306 is
1238 4253 1386 4308 instituted
1394 4254 1503 4308 thereto.
1541 4256 1598 4308 Tic

410 4338 494 4408 rig-M,
508 4339 538 4406 is
543 4354 605 4406 aene,
618 4340 653 4406 os
659 4337 692 4388 R.
704 4337 739 4389 de
753 4335 924 4404 Tangiturst
932 4336 957 4387 is
967 4333 1115 4402 reseeved]

435 4465 468 4528 H
472 4463 837 4528 AURIGE.—-Walterus
850 4460 892 4523 de
907 4461 1131 4541 Rothomago,
1143 4461 1376 4538 subdiaconus,
1388 4473 1598 4545 presentatus

347 4591 405 4652 per
418 4568 623 4631 Willelmum
640 4566 846 4642 Mauduithe,
857 4565 985 4628 domini
1000 4565 1102 4647 Regis
1115 4564 1352 4640 Camerarium,
1364 4564 1406 4628 ad
1422 4565 1597 4630 ecclesiam

347 4673 388 4736 de
407 4672 566 4754 Haurige,
578 4671 665 4734 sacta
681 4671 770 4753 prius
787 4669 1000 4751 inquisitione
1015 4688 1074 4750 per
1088 4669 1143 4744 M,
1156 4668 1438 4732 Archidiaconum
1450 4669 1599 4754 Buking-

348 4778 564 4852 hamiensem‚
579 4787 612 4839 et
636 4776 777 4857 receptis
801 4774 918 4836 litteris
941 4772 1068 4835 domini
1087 4771 1198 4854 Regis,
1222 4774 1471 4836 continentibus
1498 4776 1600 4856 quod,

348 4881 529 4944 cumidem
555 4879 741 4942 Willelmus
765 4879 798 4940 in
822 4877 912 4939 curia
935 4896 995 4938 sua
1017 4885 1146 4958 peteret
1169 4875 1327 4938 adversus
1352 4877 1533 4941 Ricardum
1557 4879 1600 4943 de

350 4984 553 5068 Tingehurst
583 4981 836 5045 advocationem
868 4979 1006 5042 ecclesie
1040 4979 1187 5060 predicte
1216 4999 1275 5061 per
1311 4981 1450 5043 assisam
1481 4982 1598 5046 ultime
