3609 5642
583 564 763 661 Episcopi
783 565 1067 638 inzcolnzanszssr.
1388 572 1453 660 163

277 803 346 888 [On
363 805 415 868 the
430 805 522 867 dorse
532 803 603 886 .·-]

192 921 340 988 [Nicholas
351 921 385 974 de
393 921 456 990 Ely,
470 920 601 990 monitos
613 921 766 990 Daventry.
779 923 803 974 is
814 921 961 974 instituted
968 922 1057 974 Pn'or
1065 924 1101 989 of
1112 922 1158 974 tlte
1169 936 1252 983 same,
1264 922 1295 974 in
1314 921 1360 973 tlte
1370 921 1452 987 place

254 1006 290 1074 os
307 1004 418 1066 Walter,
430 1004 577 1069 deceased]

277 1109 382 1173 Anno
396 1109 503 1192 gratie
525 1109 576 1172 Μ0
591 1107 662 1172 CC⁰
677 1117 769 1172 xxx⁰
783 1108 838 1172 die
858 1109 962 1172 Beate
979 1108 1122 1192 Agnetis
1140 1109 1297 1186 secundo,
1312 1107 1447 1184 scilicet,

190 1213 231 1273 νω
247 1211 420 1276 Kalendas
438 1211 618 1288 Februarii,
636 1211 818 1275 Nicholaus
834 1212 877 1275 de
898 1212 974 1294 Ely,
990 1212 1173 1275 monachus
1189 1211 1232 1275 de
1256 1212 1450 1286 Daventria,

190 1317 239 1379 cui
256 1316 414 1380 dominus
437 1315 624 1398 Episcopus
646 1317 829 1397 prioratum
846 1316 889 1379 de
909 1316 1093 1380 Daventria
1108 1326 1283 1379 vacantem
1302 1337 1323 1378 a
1338 1315 1451 1399 vigilia

192 1419 385 1483 Nativitatis
410 1419 512 1482 Beate
533 1419 682 1502 Virginis
701 1420 858 1501 proximo
881 1420 1039 1502 preterita
1061 1441 1120 1503 per
1142 1430 1285 1484 mortem
1302 1418 1451 1495 Walteri,

191 1525 277 1606 prius
303 1524 423 1586 Prioris
448 1522 580 1598 ibidem,
596 1524 795 1588 auctoritate
818 1523 968 1600 Concilii‚
984 1524 1027 1588 de
1049 1544 1213 1588 consensu
1230 1522 1369 1586 Walteri
1393 1522 1450 1585 filii

191 1627 337 1692 Simonis
359 1626 509 1708 ejusdem
535 1629 698 1708 prioratus
722 1627 862 1709 patroni,
878 1627 1029 1705 contulit,
1051 1628 1094 1690 ad
1117 1628 1262 1691 eundem
1285 1626 1451 1690 admissus

189 1741 246 1808 est,
261 1740 295 1794 et
314 1731 347 1793 in
362 1751 403 1794 eo
418 1730 652 1811 sollempniter.
664 1730 844 1807 institutus
859 1730 975 1793 habito
995 1731 1085 1813 prius
1106 1752 1165 1814 pro
1186 1731 1362 1807 constanti,
1378 1739 1450 1794 tum

191 1855 246 1918 per
263 1834 380 1898 datam
404 1835 586 1898 litterarum
613 1835 733 1896 Prioris
756 1833 798 1897 de
823 1833 978 1898 Karitate
992 1833 1131 1897 domino
1155 1835 1325 1917 Episcopo
1347 1832 1451 1896 direc-

192 1949 309 2015 tarum,
334 1948 404 2001 tum
430 1959 488 2021 per
512 1938 753 2001 consessionem
782 1938 945 2020 Johannis
974 1938 1204 2016 Kamotensis,
1231 1936 1451 2001 monachide

192 2041 355 2114 Karitate,
371 2040 537 2124 predictas
561 2041 688 2104 litteras
712 2040 899 2118 deserentis,
916 2042 1006 2124 quod
1030 2043 1141 2106 obitus
1163 2041 1312 2118 Walteri,
1329 2041 1450 2104 Prioris

190 2145 230 2208 de
247 2145 432 2209 Daventria
452 2144 601 2227 predicti,
618 2144 703 2208 infra
724 2145 872 2210 Octavas
894 2146 1009 2211 Sancti
1033 2147 1176 2210 Dionisii
1197 2147 1354 2229 proximo
1373 2154 1450 2228 post

192 2247 309 2314 festum
351 2248 545 2312 Natiuitatis
586 2248 689 2311 Beate
729 2248 879 2332 Virginis
918 2249 1104 2332 predictum
1147 2250 1251 2313 Priori
1288 2249 1451 2312 Karitatis

191 2353 294 2417 fuerat
324 2352 518 2429 nuntiatus;
542 2351 721 2415 subsecuto
759 2373 837 2416 vero
875 2362 1085 2417 sacramento
1122 2375 1223 2436 super
1259 2352 1451 2417 obedientia

191 2457 272 2520 sicut
295 2455 366 2520 fieri
390 2456 571 2528 consuevit,
595 2456 791 2519 mandatum
822 2465 874 2519 est
905 2457 1153 2520 Archidiacono
1184 2457 1452 2539 Norhamptonie

190 2562 381 2642 quodcirca
401 2560 660 2624 installationem
677 2559 757 2622 dicti
780 2560 811 2623 N
814 2560 934 2623 icholai
950 2561 1041 2644 quod
1062 2582 1159 2624 suurn
1180 2571 1232 2624 est
1250 2571 1447 2643 exequatur.

193 2664 392 2728 Mandatum
415 2674 466 2728 est
488 2664 591 2726 etiam
616 2663 789 2744 Suppriori
812 2674 846 2727 et
876 2666 1055 2728 conventui
1079 2665 1121 2728 de
1149 2665 1333 2728 Daventria
1359 2664 1452 2746 quod

191 2766 296 2831 eidem
325 2766 491 2831 Nicholao
516 2775 676 2848 tanquam
698 2767 801 2828 Priori
828 2787 889 2829 suo
919 2767 1074 2831 decetero
1100 2769 1168 2831 sint
1190 2767 1385 2832 obedientes
1416 2777 1451 2832 et

192 2869 409 2936 intendentes
457 2870 582 2934 Actum
600 2871 809 2952 presentibus
825 2871 1005 2934 venerabili
1021 2881 1115 2954 patre
1127 2872 1452 2954 dominoJoscelinO,

194 2975 408 3038 Bathoniensi
438 2975 617 3057 Episcop0,
646 2974 795 3037 Roberto
821 2974 994 3038 Lincolnie
1018 2985 1052 3039 et
1074 2976 1229 3058 Johanne
1254 2975 1451 3039 Bedesordie

195 3078 457 3154 Archidiaconis,
473 3079 616 3160 Rogero,
633 3077 808 3159 capellano
830 3078 959 3141 domini
977 3079 1221 3156 Bathoniensis,
1238 3080 1387 3143 Roberto
1411 3080 1454 3144 de

194 3181 370 3258 Bolesour’,
380 3179 741 3264 capellan0,Willelmo
750 3180 1063 3245 deWinchecumbe
1075 3192 1109 3246 et
1120 3183 1252 3246 Thoma
1262 3182 1305 3246 de
1315 3183 1454 3260 Askebi,

193 3285 325 3361 clericis,
342 3284 494 3347 Waltero
516 3283 560 3346 de
583 3283 746 3360 Wedone,
768 3284 923 3365 Johanne
947 3284 977 3348 le
1001 3285 1147 3362 Macum,
1162 3297 1197 3350 et
1217 3286 1386 3350 Willelmo
1408 3285 1452 3350 de

195 3387 349 3472 Begged‘,
373 3388 546 3451 monachis
576 3386 619 3450 de
643 3387 836 3464 Daventria,
859 3388 1010 3472 predicto
1034 3390 1184 3453 Waltero
1214 3389 1282 3453 filio
1307 3390 1453 3455 Simonis

195 3493 295 3557 milite
318 3503 355 3556 et
378 3491 460 3574 [sic],
482 3492 515 3554 in
532 3490 660 3573 capella
684 3491 808 3556 Sancte
830 3492 992 3556 Katerine
1007 3493 1305 3558 Westmonasterii.
1352 3494 1454 3559 Salvo

192 3593 260 3674 jure
275 3594 457 3676 cujuslibet
472 3615 548 3657 cum
566 3595 747 3676 prioratum
769 3596 878 3677 ipsum
895 3597 977 3660 alias
993 3618 1109 3661 vacare
1125 3599 1309 3680 contigerit.
1347 3621 1350 3624 ⁴

195 3863 332 3930 [li'illr'am
345 3863 381 3917 de
391 3862 531 3925 Brackele‚
545 3863 630 3916 mrmk
639 3862 675 3930 os
680 3863 806 3930 Luffield,
819 3864 843 3916 is
854 3865 1001 3918 instetuted
1009 3866 1096 3919 Prior
1104 3867 1140 3934 os
1146 3867 1192 3919 tlte
1201 3869 1299 3934 sam]

278 3967 471 4031 Willelmus
501 3967 544 4030 de
576 3965 745 4043 Brackele‚
776 3969 961 4031 monachus
990 3968 1033 4032 de
1065 3968 1227 4046 Luflelde,
1256 3970 1381 4033 electus
1417 3971 1450 4033 in

196 4071 344 4152 ejusdem
363 4072 426 4137 loci
444 4071 599 4148 Priorem,
616 4091 675 4153 per
698 4070 916 4153 Suppriorem
932 4081 966 4134 et
990 4074 1172 4136 monachos
1196 4073 1330 4150 ibidem,
1353 4075 1452 4137 inter-

197 4177 346 4239 veniente
357 4175 486 4238 domini
499 4174 602 4257 Regis
613 4194 758 4250 assensu,
771 4174 860 4238 facta
875 4177 966 4256 prius
977 4177 1229 4238 examinatione
1239 4175 1281 4239 de
1291 4175 1452 4239 mandato

196 4279 319 4344 domini
346 4279 508 4363 Episcopi
536 4279 691 4362 Hugonis
718 4279 865 4358 secundi,
888 4301 948 4362 per
973 4281 1152 4363 Magistros
1177 4281 1386 4364 Stephanum
1410 4279 1453 4343 de

198 4384 431 4448 Mamecestria
446 4395 480 4446 et
497 4383 682 4446 Robertum
693 4383 736 4446 de
748 4383 923 4460 Bathonia,
937 4405 1069 4467 perque
1084 4405 1160 4447 cum
1177 4385 1348 4467 negotium
1365 4393 1453 4448 esset

197 4489 227 4551 in
241 4489 406 4574 expedito
421 4488 464 4552 ad
481 4487 626 4550 eundem
650 4487 833 4570 prioratum
857 4487 1024 4550 admissus
1039 4497 1098 4564 est,
1114 4498 1148 4551 et
1171 4489 1204 4550 in
1227 4509 1268 4550 eo
1288 4488 1449 4550 canonice

199 4593 284 4655 Prior
315 4593 497 4657 institutus.
546 4592 590 4653 Et
619 4590 815 4653 mandatum
846 4599 897 4653 est
927 4589 1019 4652 dicto
1048 4591 1212 4673 Magistro
1241 4591 1283 4667 S,
1308 4590 1452 4654 Officiali

199 4694 472 4779 Norhamptonie,
503 4705 539 4757 ut
569 4694 641 4757 vice
666 4693 903 4757 Archidiaconi
930 4695 1057 4757 dictum
1085 4693 1289 4757 Willelmum
1321 4695 1354 4755 in
1382 4713 1452 4756 cor·

198 4801 340 4879 poralem
359 4799 499 4883 predicti
516 4800 679 4881 prioratus
690 4799 933 4879 possessionem
948 4799 1093 4874 inducat,
1109 4797 1286 4880 injungens
1300 4797 1451 4878 ejusdem

197 4899 310 4966 domus
327 4903 485 4966 fratribus
503 4912 539 4964 ut
555 4902 617 4984 ipsi
636 4901 806 4964 Willelmo
830 4911 993 4984 tanquam
1012 4903 1113 4964 Priori
1130 4921 1191 4963 suo
1214 4900 1368 4964 decetero
1384 4903 1451 4964 sint

198 5003 407 5070 intendentes
423 5017 457 5069 et
472 5005 675 5070 obedientes

1335 5127 1356 5165 u
1370 5128 1386 5166 2
