3609 5642
361 563 379 611 2
386 560 432 631 54
712 538 849 610 Rotulr'
864 537 1041 635 Hugone's
1057 538 1101 611 de
1127 536 1260 611 Welles

358 780 401 843 de
433 777 638 856 Warraville,
668 780 820 843 canonici
854 780 1106 857 Lincolniensis,
1138 780 1228 863 apud
1268 780 1526 862 Norhamptone
1564 780 1618 843 xvi

359 882 520 947 kalendas
538 883 652 947 Martii
668 881 884 965 pontificatus
901 884 1004 948 nostri
1021 904 1111 947 anno
1129 885 1225 947 xxiii.

359 1187 399 1252 [A
417 1186 530 1239 similar
543 1185 699 1239 relaxation
716 1191 743 1237 to
760 1185 836 1237 those
853 1187 918 1238 wlco
934 1185 1084 1239 contribute
1101 1191 1128 1239 to
1144 1186 1191 1239 tlte
1208 1186 1340 1255 buildr'ng
1358 1188 1393 1253 of
1405 1186 1452 1241 the
1471 1186 1572 1241 church
1591 1190 1625 1257 os

424 1270 590 1337 Abington.]

448 1369 521 1434 Sub
545 1369 664 1433 eadem
692 1368 798 1432 iorma
825 1369 986 1451 scripturn
1018 1377 1068 1431 est
1095 1390 1156 1451 pro
1182 1369 1321 1433 ecclesia
1348 1371 1437 1435 beati
1464 1371 1553 1435 Petri
1580 1370 1622 1435 de

362 1474 522 1550 Abitone,
537 1472 596 1535 sed
615 1472 661 1534 ibi
678 1482 810 1535 tantum
827 1472 899 1535 dies
916 1473 976 1535 xiii
992 1473 1230 1537 conceduntur.

360 1779 421 1848 [An
436 1776 697 1843 acknorvledgment
711 1776 745 1844 ey
760 1776 805 1828 ue
822 1776 930 1844 Βεὼρ
941 1776 1004 1829 nat
1014 1776 1048 1829 ro
1060 1758 1114 1829 rat
1124 1777 1248 1830 received
1260 1778 1336 1841 from
1351 1778 1452 1831 seruo
1469 1779 1504 1831 a
1514 1781 1622 1838 same.

426 1860 530 1913 wrilow
545 1861 581 1928 os
592 1848 718 1912 Richard
731 1859 766 1911 de
788 1858 973 1922 Wllemscote,
989 1876 1020 1923 50
1031 1860 1126 1912 marles
1133 1859 1189 1927 sor
1198 1860 1243 1913 rlu
1259 1860 1371 1929 nutody
1388 1862 1424 1928 os
1443 1862 1565 1915 Thomas
1575 1864 1626 1917 her

425 1960 475 1996 son
487 1941 548 1995 and
556 1942 591 2011 of
597 1941 643 1995 tlte
654 1941 726 1994 land
733 1941 770 2009 os
774 1941 827 1994 lrer¹
836 1941 967 1995 husband
971 1958 984 2003 ,¹
1001 1940 1077 1994 Μαν.
1086 1959 1112 2007 5,
1127 1948 1211 2009 1252]

450 2044 619 2110 Omnibus
648 2052 710 2107 etc.
768 2044 908 2108 Noverit
940 2045 1136 2109 universitas
1167 2056 1278 2108 vestra
1308 2046 1399 2128 quod
1431 2046 1551 2111 Sibilla
1581 2048 1623 2112 de

363 2149 501 2225 Saucee,
527 2147 699 2228 quondam
727 2168 815 2215 uxor
841 2147 977 2211 Ricardi
1004 2147 1047 2211 de
1074 2148 1313 2226 Willemscote,
1340 2150 1500 2232 persolvit
1527 2151 1623 2214 nobis

362 2251 608 2335 quinquaginta
631 2270 759 2314 marcas
783 2252 912 2335 argenti
938 2251 1115 2333 inquibus
1139 2252 1212 2333 ipsa
1236 2251 1333 2315 nobis
1360 2252 1538 2317 tenebatur
1563 2274 1623 2337 pro

362 2356 515 2421 custodia
531 2356 663 2418 Thome
679 2354 736 2418 filii
753 2357 803 2418 sui
819 2366 853 2420 et
868 2356 1000 2420 heredis
1016 2377 1055 2419 ac
1072 2366 1157 2419 terre
1172 2377 1238 2438 que
1251 2355 1313 2419 fuit
1329 2356 1468 2439 predicti
1488 2357 1622 2421 Ricardi

363 2460 406 2524 de
422 2459 522 2523 seodo
538 2468 661 2536 nostru,
677 2459 860 2522 secundum
877 2459 968 2541 quod
986 2460 1019 2522 in
1041 2460 1251 2542 cyrographo
1267 2480 1367 2543 super
1381 2461 1445 2524 hoc
1462 2463 1549 2525 inter
1564 2482 1624 2525 nos

363 2563 517 2627 consecto
548 2562 678 2645 plenius
709 2563 906 2625 continetur.
964 2562 1002 2625 ln
1034 2562 1129 2644 cujus
1158 2573 1219 2628 etc.
1276 2564 1366 2628 Date
1397 2586 1455 2647 per
1485 2586 1622 2631 manum

363 2678 512 2731 nostram
541 2665 630 2749 apud
657 2666 850 2748 Bannebiry
875 2668 974 2731 tertio
1005 2687 1110 2730 nonas
1139 2668 1252 2731 Martii
1280 2668 1495 2752 pontificatus
1521 2672 1623 2735 nostri

364 2789 454 2832 anno
469 2790 565 2833 xxm.

363 3026 401 3095 [A
413 3026 601 3093 dispensam
610 3028 666 3095 sor
676 3027 856 3095 illegitimaey
866 3026 901 3093 os
912 3026 986 3079 br'rtlr
996 3028 1120 3095 granted
1134 3034 1162 3081 to
1178 3028 1343 3083 Alexander
1351 3030 1385 3085 de
1395 3030 1623 3093 Michaelestowe,

429 3107 493 3161 Dec.
504 3124 544 3173 ²7·
558 3126 630 3174 1231,
641 3111 671 3161 in
682 3108 844 3162 accordance
854 3109 925 3161 with
936 3124 954 3160 a
964 3110 1057 3177 papa!
1067 3110 1198 3163 mandate
1207 3113 1244 3180 os
1249 3112 1295 3165 the
1300 3113 1434 3179 pruriens
1446 3112 1521 3166 Mar.
1536 3116 1588 3180 nt]

452 3221 620 3285 Omnibus
642 3220 766 3284 Christi
786 3219 940 3284 fidelibus
960 3233 1030 3297 etc,
1049 3221 1152 3305 Hugo
1173 3222 1237 3286 Dei
1257 3225 1365 3305 gratia
1386 3236 1457 3301 etc,
1473 3227 1623 3290 salutem.

366 3324 567 3389 Mandatum
594 3322 722 3387 domini
753 3326 842 3405 Pape
869 3324 1076 3406 suscepimus
1101 3326 1134 3387 in
1161 3326 1222 3389 hec
1253 3327 1353 3391 verba
1365 3335 1433 3393 :-“
1445 3328 1624 3412 Gregorius

367 3429 565 3512 Episcopus,
588 3447 701 3490 servus
725 3448 896 3489 servorum
926 3427 1000 3505 Dei,
1024 3427 1203 3492 venerabili
1230 3429 1321 3495 fratri
1351 3432 1521 3515 Episcopo
1547 3432 1624 3496 Lin-

364 3531 525 3595 colniensi
541 3529 683 3593 salutem
699 3540 733 3593 et
750 3531 970 3612 apostolicam
987 3530 1264 3597 benedictionem.
1312 3533 1389 3597 Hiis
1404 3536 1460 3618 qui
1473 3537 1625 3619 geniture

365 3634 532 3699 maculam
555 3634 731 3697 honestate
755 3653 885 3697 morum
911 3644 1070 3717 satagunt
1092 3635 1234 3714 abolere,
1258 3637 1399 3701 libenter
1421 3638 1510 3702 sedis
1528 3660 1624 3722 apos·

365 3739 464 3803 tolice
479 3737 622 3820 gratiam
639 3738 858 3819 impartimur,
874 3758 950 3801 cum
972 3740 1116 3803 sciamus
1138 3739 1228 3822 quod
1249 3761 1315 3803 non
1336 3752 1387 3805 est
1409 3762 1624 3825 personarum

365 3853 522 3926 acceptor
547 3841 641 3905 Deus
666 3842 724 3906 sed
751 3863 797 3905 ex
824 3844 916 3906 omni
942 3854 1043 3926 gente
1069 3846 1125 3926 qui
1152 3843 1316 3924 justitiam
1341 3846 1414 3927 ejus
1441 3847 1556 3915 secerit
1580 3849 1625 3913 illi

365 3945 585 4030 proculdubio
616 3955 667 4009 est
698 3955 864 4028 acceptus.
926 3946 1010 4011 Cum
1044 3948 1144 4030 igitur
1173 3948 1315 4011 dilectus
1346 3948 1432 4014 filius
1465 3951 1626 4035 Magister

365 4048 564 4113 Alexander
600 4048 643 4111 de
675 4049 955 4127 Michaelestowe,
985 4051 1218 4129 subdiaconus,
1248 4052 1416 4118 desectum
1456 4058 1626 4135 natalium,

364 4174 464 4236 quem
490 4174 526 4217 se
551 4153 619 4235 pati
642 4154 810 4235 proponit,
834 4153 878 4216 de
900 4152 1107 4217 subdiacono
1131 4158 1264 4239 genitus
1287 4168 1322 4221 et
1345 4158 1455 4223 soluta
1478 4160 1626 4225 honestis

366 4257 513 4321 moribus
532 4266 567 4320 et
587 4256 772 4320 litterarum
794 4258 933 4320 scientia
957 4257 1138 4322 redemisse
1161 4259 1300 4337 dicatur,
1323 4280 1385 4325 nos
1408 4274 1562 4345 gerentes
1584 4262 1627 4327 de

365 4372 423 4425 tua
438 4360 737 4443 circumspectione
752 4359 909 4423 fiduciam
927 4359 1123 4425 fraternitati
1147 4374 1203 4426 tue
1224 4384 1283 4445 per
1303 4365 1488 4447 apostolica
1504 4368 1627 4449 scripta

365 4464 566 4528 mandamus
590 4463 748 4545 quatinus
772 4465 798 4526 si
824 4473 962 4546 paterne
987 4483 1053 4526 non
1081 4466 1124 4528 sit
1152 4466 1392 4532 incontinentie
1422 4470 1571 4535 imitator
1593 4482 1626 4535 et

365 4568 448 4631 alias
471 4568 610 4631 honeste
633 4568 896 4638 conversationis
917 4568 1076 4643 extiterit,
1091 4589 1167 4632 cum
1194 4572 1267 4653 ipso
1291 4572 1491 4637 auctoritate
1513 4584 1627 4637 nostra

365 4671 547 4754 dispenses,
574 4680 610 4734 ut
637 4670 828 4751 hujusmodi
856 4691 924 4735 non
955 4674 1111 4736 obstante
1141 4672 1274 4753 deiectu
1306 4678 1411 4759 possit
1441 4676 1483 4739 ad
1515 4696 1626 4740 sacros

365 4777 499 4840 ordines
515 4776 700 4859 promoveri
717 4786 751 4838 et
766 4777 1027 4840 ecclesiasticum
1045 4777 1243 4842 beneficium
1261 4782 1431 4863 optinere;
1450 4782 1496 4844 ita
1513 4793 1624 4846 tamen

366 4878 457 4962 quod
484 4881 511 4942 si
538 4899 614 4942 cum
640 4879 682 4941 ad
708 4880 933 4962 episcopalem
960 4882 1069 4943 vocari
1098 4883 1276 4965 contigerit
1299 4882 1510 4966 dignitatem,
1535 4884 1624 4948 illam

366 5001 578 5065 nequaquam
597 4983 733 5064 recipiat
749 4981 876 5065 absque
892 4982 981 5046 sedis
1001 4985 1184 5066 apostolice
1205 4986 1337 5049 licentia
1357 4986 1500 5069 speciali.
1549 4988 1625 5052 Dat’
