3609 5642
632 558 810 656 Episcopi
832 558 1115 634 Lincolneense's.
1450 582 1494 653 37

246 785 384 856 [Re'cherd
391 786 474 855 ofSt.
489 787 639 846 Clernenls.
659 787 797 857 chaplae'n,
806 789 954 856 presented
965 789 999 857 by
1015 788 1061 842 the
1079 789 1167 842 Prior
1181 788 1241 842 and
1261 789 1387 842 Cerevent
1405 791 1441 858 os
1457 791 1496 844 Se

310 867 489 932 Fndeswede,
502 870 527 922 e's
538 869 683 922 instituted
685 873 793 937 parson
804 870 840 938 os
845 869 885 924 St.
900 870 1050 933 Clemente
1066 871 1166 937 Oeen]

335 989 519 1053 Ecccssu
536 989 677 1055 Snucn
695 989 918 1054 Crausuns
934 1004 975 1053 ns
993 990 1188 1055 Suounfflo
1205 991 1496 1057 Oxon’‚-Ricar-

245 1092 310 1156 dus
331 1092 375 1157 de
398 1093 524 1159 Sancto
547 1094 730 1172 Clemente,
753 1095 955 1178 capellanus,
978 1105 1188 1178 presentatus
1212 1117 1270 1179 per
1294 1096 1440 1160 Priorem
1464 1108 1498 1160 et

246 1207 449 1262 conventum
466 1198 589 1264 Sancte
614 1198 839 1263 Fredeswithe
862 1200 905 1263 ad
928 1201 1103 1264 ecclesiam
1120 1201 1235 1265 Sancti
1259 1199 1442 1265 Clementis
1465 1203 1498 1264 in

246 1302 405 1366 suburbio
432 1302 554 1380 Oxon'‚
581 1303 669 1367 sacta
695 1303 785 1386 prius
812 1304 1026 1386 inquisitione
1052 1324 1112 1386 per
1138 1303 1497 1380 A.,Archidiaconu1n

248 1405 370 1483 Oxon’‚
385 1427 445 1489 per
460 1426 571 1489 quarn,
586 1417 657 1484 etc,
673 1407 715 1470 ad
731 1408 873 1472 eandem
890 1407 1056 1471 admissus
1071 1418 1123 1471 est
1138 1427 1214 1470 cum
1231 1428 1331 1470 onere
1354 1417 1388 1470 et
1411 1428 1499 1491 pena

246 1509 452 1586 vicariorum,
466 1519 502 1573 et
517 1510 550 1573 in
566 1531 606 1574 ea
621 1512 780 1575 canonice
796 1531 939 1594 persona
951 1512 1129 1575 institutus.
1178 1511 1223 1574 Et
1239 1510 1436 1575 mandatum
1447 1522 1499 1576 est

246 1613 356 1678 eidem
374 1613 621 1678 Archidiacono
636 1623 682 1691 ut,
697 1624 758 1678 etc.

247 1783 332 1854 [lehn
348 1785 384 1853 os
397 1783 437 1838 st.
450 1783 559 1848 Peters,
572 1783 710 1852 chaplein,
719 1784 870 1853 presented
882 1785 916 1854 by
931 1784 977 1838 tlte
988 1784 1144 1838 Prierond
1154 1785 1323 1855 Conventus
1334 1785 1374 1840 st.
1388 1786 1499 1840 Fredes-

313 1867 392 1926 wide.
403 1868 429 1920 rs
441 1866 697 1935 imtitutedparson
708 1869 743 1936 os
753 1866 794 1921 St.
807 1867 962 1930 Mildreds,
977 1866 1105 1936 Offord]

335 1989 518 2053 Eccussu
544 1987 697 2053 Seuere
721 1987 938 2064 Musaeus,
961 1987 1300 2070 Oxou-johannes
1315 1988 1358 2052 de
1374 1991 1500 2054 Sancto

248 2093 356 2168 Petro,
377 2090 578 2174 capellanus
602 2101 813 2173 presentatus
835 2112 893 2174 per
919 2092 1065 2155 Priorem
1089 2102 1123 2155 et
1150 2102 1351 2155 conventum
1376 2092 1500 2157 Sancte

247 2196 473 2262 Fredeswithe
499 2195 542 2258 ad
566 2195 739 2260 ecclesiam
766 2197 889 2261 Sancte
916 2195 1081 2273 Mildride,
1097 2195 1219 2272 Oxon’‚
1235 2195 1323 2260 sacta
1346 2197 1436 2279 prius
1452 2198 1500 2260 in-

243 2301 422 2384 quisitione
439 2320 497 2383 per
515 2299 564 2376 A,
582 2299 864 2365 Archidiaconum
881 2300 1005 2376 Oxon'‚
1020 2321 1080 2384 per
1090 2320 1202 2383 quam,
1214 2309 1284 2375 etc..
1297 2300 1340 2364 ad
1356 2301 1497 2365 eandem

244 2403 411 2468 admissus
440 2413 500 2480 est,
515 2413 549 2468 et
576 2405 673 2468 inea
700 2405 859 2468 canonice
886 2425 1029 2487 persona
1056 2405 1228 2470 institutus
1248 2425 1325 2468 curn
1349 2425 1450 2469 onere
1466 2415 1500 2468 et

246 2528 334 2592 pena
349 2509 556 2586 vicariorum,
569 2517 604 2573 et
621 2508 817 2572 mandatum
833 2519 885 2573 est
900 2509 1010 2573 eidem
1028 2508 1275 2573 Archidiacono
1290 2521 1337 2586 ut,
1352 2521 1413 2573 etc.

246 2709 387 2780 [Willeirm
398 2711 432 2764 de
447 2709 533 2775 Well',
546 2709 684 2779 chaptain,
694 2711 843 2780 presented
850 2711 884 2780 by
894 2711 940 2765 the
950 2711 1041 2766 Abboe
1049 2711 1109 2765 and
1125 2711 1298 2780 Conventus
1309 2711 1464 2780 Eyrulrem,
1477 2715 1502 2765 is

312 2792 566 2861 instr'tutedparson
577 2794 613 2861 of
619 2793 737 2847 Stanton
748 2793 788 2848 st.
800 2793 886 2860 John.
921 2794 949 2847 Α
955 2795 1076 2863 perurere
1087 2793 1112 2846 is
1122 2793 1253 2846 reseroed
1261 2799 1288 2846 to
1299 2794 1345 2846 tlte
1358 2795 1502 2863 Convent]

336 2912 817 2978 STAUNTONE.-Willelmus
849 2899 892 2978 de
923 2913 1029 2990 Well',
1060 2913 1261 2995 capellanus,
1292 2925 1502 2997 presentatus

248 3037 308 3099 per
323 3016 493 3080 Abbatem
510 3026 544 3080 et
559 3029 761 3081 conventum
780 3017 984 3101 Eynesham'
1000 3018 1042 3082 ad
1058 3018 1233 3081 ecclesiam
1249 3017 1292 3080 de
1304 3018 1502 3093 Stauntone,

248 3120 336 3185 sacta
360 3121 450 3204 prius
477 3120 692 3202 inquisitione
719 3142 777 3204 per
793 3121 844 3198 Α.,
861 3121 1146 3185 Archidiaconum
1171 3120 1293 3197 Oxon'‚
1310 3141 1368 3203 per
1391 3141 1503 3203 quam,

247 3233 319 3300 etc,
334 3222 377 3287 ad
392 3223 535 3288 eandem
551 3223 717 3288 admissus
733 3234 792 3301 est,
807 3235 841 3289 et
865 3225 898 3288 in
922 3246 962 3288 ea
984 3225 1144 3289 canonice
1160 3244 1303 3308 persona
1323 3224 1503 3300 institutus

247 3327 341 3391 salva
356 3327 433 3391 inde
449 3326 547 3391 dictis
564 3327 691 3392 Abbati
707 3339 741 3392 et
764 3328 943 3391 conventui
966 3327 1080 3392 debita
1102 3337 1135 3391 et
1159 3327 1298 3410 antiqua
1321 3327 1480 3411 pensione
1496 3349 1502 3403 ;

248 3441 283 3495 et
299 3431 495 3496 mandatum
512 3441 562 3495 est
578 3431 688 3495 eidem
706 3431 954 3496 Archidiacono
970 3440 1015 3508 ut,
1031 3442 1093 3496 etc.

249 3625 358 3695 [Roger
368 3625 402 3679 de
418 3625 593 3695 Riselberglt',
611 3627 778 3690 suideaoon,
790 3627 941 3695 presented
954 3626 988 3695 by
1003 3627 1048 3680 the
1063 3626 1152 3680 Abbot
1169 3625 1204 3690 of
1215 3624 1369 3693 EymMm,
1384 3627 1409 3678 is
1427 3626 1504 3678 insti-

315 3707 503 3776 tutedparson
514 3709 550 3776 of
563 3707 679 3777 Combe]

338 3827 682 3911 CUMBE.-Rogerus
712 3829 756 3892 de
787 3828 1003 3911 Riselbergh',
1033 3828 1267 3905 subdiaconus,
1295 3838 1504 3911 presentatus

251 3952 311 4014 per
327 3930 497 3995 Abbatem
520 3941 555 3996 et
577 3941 778 3996 conventum
808 3931 1011 4015 Eynesham'
1033 3932 1076 3995 ad
1097 3930 1272 3995 ecclesiam
1299 3930 1342 3995 de
1366 3931 1505 4009 Combe,

252 4033 339 4098 lacta
363 4034 453 4117 prius
478 4034 692 4116 inquisitione
715 4055 774 4117 per
790 4035 841 4112 Α.,
857 4034 1141 4099 Archidiaconum
1167 4033 1290 4110 Oxon'‚
1313 4055 1504 4116 perquam,

250 4147 321 4213 etc,
336 4137 378 4200 ad
395 4136 536 4201 eandem
553 4138 718 4202 admissus
734 4150 793 4216 est,
808 4148 879 4216 etc,
892 4138 984 4202 salva
999 4138 1097 4202 dictis
1119 4137 1245 4201 Abbati
1269 4148 1303 4201 et
1326 4139 1503 4201 couventui

251 4240 365 4305 debita
394 4251 429 4304 et
458 4242 596 4323 antiqua
623 4244 782 4327 pensione
809 4243 851 4307 de
878 4243 1006 4306 eadem.
1053 4243 1098 4306 Et
1126 4240 1322 4304 mandatum
1343 4252 1393 4304 est
1413 4242 1504 4305 dicto

252 4343 499 4408 Archidiacono
514 4355 560 4422 ut,
575 4356 635 4411 etc.

255 4512 382 4582 [Ranulf
393 4514 480 4580 Brito,
500 4517 564 4569 said
582 4521 608 4570 to
619 4517 649 4569 be
666 4533 684 4569 a
702 4517 809 4580 deacon,
830 4516 974 4569 instituted
989 4516 1022 4584 by
1037 4519 1128 4583 proxy
1140 4518 1248 4582 persen
1267 4515 1302 4583 es
1317 4513 1503 4582 Deddington,

309 4597 460 4665 presented
466 4597 500 4667 by
511 4598 586 4666 Ralf
593 4598 727 4668 Harenge
737 4601 767 4651 ire
779 4599 860 4668 right
875 4600 912 4668 of
922 4599 1001 4652 Alice
1012 4599 1057 4651 leis
1068 4599 1141 4666 wife,
1155 4597 1220 4649 who
1229 4596 1290 4649 hed
1302 4597 1446 4651 recovered
1460 4599 1506 4650 ete

314 4679 488 4748 advowson]

339 4799 842 4864 DADINGTONE.—Rannulsus
874 4801 976 4875 Brito,
1002 4800 1171 4874 diaconus,
1202 4807 1239 4860 ut
1273 4797 1402 4872 dicitur,
1432 4818 1503 4879 pre-

252 4911 403 4966 sentatus
434 4924 493 4986 per
524 4903 704 4968 Radulsum
744 4905 912 4987 Harenge,
936 4906 1062 4967 ratione
1089 4903 1197 4965 Alicie
1224 4903 1338 4964 uxoris
1364 4922 1430 4976 sue,
1460 4902 1503 4965 ad

250 5005 425 5069 ecclesiam
441 5005 484 5070 de
501 5007 726 5090 Dadingtoue,
742 5009 830 5072 sacta
845 5010 936 5091 prius
959 5007 1173 5089 inquisitione
1189 5026 1247 5088 per
1264 5005 1314 5081 A,
1333 5004 1505 5071 Archidia-
