3609 5642
289 587 330 653 14
627 567 762 641 Rotulz'
785 567 962 661 Hugont's
986 567 1030 638 ele
1057 567 1188 639 Welles

280 801 367 872 [Rals
378 803 413 856 de
421 802 517 869 Jome',
532 803 684 870 presented
699 799 733 871 hy
757 802 864 856 Walter
880 819 931 855 son
950 802 987 870 os
998 801 1099 856 Rohen
1113 803 1149 872 os
1164 803 1328 866 Woubunu,
1345 805 1371 856 is
1394 806 1542 860 imtr'tuted

339 889 447 954 parson
464 886 501 954 of
511 885 766 955 Stoke·Talmage.]

368 999 496 1065 STOKE
535 1000 966 1065 TALEMASCHE.-Tertio
1000 1019 1106 1062 nonas
1137 1000 1342 1077 Decembris,
1373 1002 1538 1066 Radulsus

279 1099 323 1164 de
349 1101 461 1183 Jorni,¹
491 1104 639 1179 clericus,
670 1113 879 1186 presentatus
908 1122 966 1185 per
991 1101 1175 1166 Walterum
1202 1102 1306 1167 filium
1332 1105 1470 1169 Roberti
1494 1105 1538 1169 de

282 1204 475 1270 Woubume
500 1207 542 1270 ad
571 1207 745 1271 ecclesiam
770 1205 812 1270 de
841 1206 965 1272 Stokes
993 1206 1223 1283 Talemasche,
1253 1207 1343 1271 facta
1367 1211 1458 1290 prius
1488 1211 1537 1272 in-

279 1309 456 1390 quisitione
480 1331 538 1393 per
565 1309 849 1374 Archidiaconum
874 1308 996 1385 Oxon’,
1018 1321 1090 1386 etc,
1115 1309 1282 1373 admissus
1304 1321 1356 1374 est
1377 1323 1412 1376 et
1436 1313 1469 1376 in
1496 1334 1537 1377 ea

278 1413 438 1476 canonice
464 1434 607 1496 persona
645 1414 838 1478 institutus:
873 1422 908 1476 et
932 1411 1127 1476 mandatum
1155 1423 1207 1477 est
1237 1414 1329 1478 dicto
1361 1415 1536 1480 Archidia·

280 1534 375 1593 cono,
390 1527 451 1582 etc.

640 1647 781 1711 Annus
805 1646 1176 1729 Quintus-nectum.

278 1777 372 1846 [John
382 1779 417 1832 de
428 1779 564 1840 Berclrolt,
576 1779 715 1848 chaplain.
723 1780 875 1848 presented
882 1779 916 1848 by
930 1780 1057 1849 Geoffrey
1067 1779 1102 1832 de
1113 1779 1282 1844 Saukeoille,
1295 1781 1403 1849 kneplet,
1416 1784 1442 1836 is
1457 1784 1537 1836 insti·

343 1861 422 1915 tuted
425 1866 533 1930 parson
549 1863 585 1929 of
595 1862 807 1932 Emm'ngton.]

366 1957 806 2057 linmroue-Johannes
826 1973 869 2038 de
895 1973 1069 2050 Bercholt',
1083 1972 1309 2056 cappellanus,
1324 1985 1536 2056 presentatus

279 2095 338 2157 per
354 2074 541 2140 Gallridum
558 2077 601 2141 de
618 2077 818 2152 Saukeville,
834 2077 985 2152 militem,
1001 2075 1043 2139 ad
1063 2077 1237 2139 ecclesiam
1254 2078 1296 2140 de
1314 2077 1535 2144 Middeltone¹

279 2178 368 2242 sacta
390 2181 481 2262 prius
504 2181 719 2263 inquisitione
742 2201 800 2263 per
824 2180 875 2256 A,
892 2179 1178 2243 Archidiaconum
1203 2179 1325 2256 Oxon',
1342 2201 1401 2263 per
1423 2201 1536 2264 quam,

278 2293 349 2358 etc,
364 2283 530 2348 admissus
545 2295 597 2348 est
612 2295 646 2349 et
669 2285 703 2348 in
726 2305 766 2348 ea
789 2286 950 2348 canonice
973 2303 1116 2366 persona
1139 2284 1311 2347 institutus
1333 2305 1410 2348 cum
1435 2306 1535 2351 onere

277 2387 474 2451 vicariorum
505 2399 539 2453 et
564 2409 660 2471 pena,
686 2398 719 2451 et
750 2387 947 2452 mandatum
974 2398 1026 2452 est
1057 2386 1305 2450 Archidiacono
1335 2387 1458 2466 Oxon',
1473 2401 1534 2455 etc.

278 2488 403 2554 Actum
420 2490 552 2556 decimo
569 2491 741 2555 Kalendas
760 2492 886 2556 Marcii.

276 2671 423 2742 [Nicltolos
438 2691 489 2728 son
499 2674 626 2744 ofJoln,
639 2675 747 2743 acolste
762 2675 914 2744 presented
922 2675 1038 2746 byJolm
1050 2691 1101 2728 sen
1112 2678 1148 2745 es
1155 2675 1286 2739 Richard,
1299 2677 1407 2746 terget,
1421 2679 1447 2731 is
1457 2679 1536 2732 t'nrti·

341 2757 420 2810 tuted
429 2759 536 2824 panon
553 2757 589 2824 os
599 2755 753 2825 Heytlrop.
787 2757 833 2810 He
849 2758 874 2810 is
890 2763 918 2810 to
935 2757 1033 2810 altered
1046 2757 1091 2811 the
1107 2755 1220 2820 schoolr,
1233 2757 1295 2810 and
1309 2762 1336 2811 to
1353 2759 1383 2812 be
1401 2759 1539 2813 ordained

341 2839 502 2893 sul-deaceae
514 2837 596 2892 when
608 2840 653 2892 tle
664 2839 772 2909 Boleop
782 2840 902 2909 directe]

367 2952 805 3030 HETHROPE.-Nicolaus,
829 2953 915 3016 filius
937 2954 1110 3035 johannis,
1133 2953 1301 3029 accolitus,
1324 2963 1535 3034 presentatus

277 3077 335 3140 per
357 3057 555 3140 Johannem,
579 3056 681 3120 filium
708 3055 852 3134 Ricardi,
876 3058 1026 3135 militem,
1041 3057 1084 3120 ad
1107 3057 1284 3121 ecclesiam
1308 3055 1351 3120 de
1378 3056 1535 3141 Hestrop’

276 3158 358 3243 [sic],
382 3159 470 3223 sacta
496 3161 585 3243 prius
611 3161 825 3242 inquisitione
855 3181 915 3243 per
941 3161 992 3239 A,
1017 3159 1301 3224 Archidiaconum
1330 3159 1453 3238 Oxon',
1477 3182 1536 3245 per

276 3283 387 3346 quam,
410 3273 480 3342 etc,
503 3265 546 3328 ad
571 3264 715 3328 eandem
741 3265 908 3328 admissus
934 3274 986 3328 est
1011 3275 1046 3328 et
1071 3265 1104 3326 in
1132 3285 1172 3327 ea
1202 3264 1362 3326 canonice
1392 3284 1536 3346 persona

277 3367 456 3431 institutus.
506 3367 697 3450 injunctum
720 3378 772 3431 est
795 3368 897 3431 etiam
921 3369 951 3430 ei
975 3367 1038 3430 sub
1061 3387 1148 3449 pena
1170 3367 1360 3429 amissionis
1383 3367 1534 3432 beneficii

275 3471 326 3534 sui
358 3471 506 3554 predicti,
531 3471 622 3554 quod
653 3471 761 3534 scolas
791 3471 980 3553 frequentet
1010 3469 1169 3553 quamdiu
1198 3468 1336 3532 domino
1364 3469 1535 3554 Episcopo

277 3575 447 3659 placuerit,
461 3585 496 3639 et
511 3574 554 3638 ad
578 3573 776 3638 mandatum
792 3573 922 3637 domini
939 3573 1098 3657 Episcopi
1115 3573 1227 3636 veniat
1242 3573 1274 3635 in
1292 3571 1534 3638 subdiaconum

276 3677 502 3756 ordinandus;
526 3688 560 3741 et
583 3678 610 3740 si
634 3677 698 3740 ista
721 3697 788 3741 non
812 3676 935 3754 fecerit,
957 3687 1087 3760 sponte,
1107 3675 1303 3758 simpliciter
1325 3688 1360 3740 et
1383 3675 1536 3742 absolute

277 3783 309 3846 in
328 3802 446 3846 manus
461 3781 588 3845 domini
607 3779 766 3864 Episcopi
783 3789 859 3863 post
876 3800 970 3843 suam
995 3780 1249 3855 institutionem,
1264 3779 1340 3861 quic
1356 3780 1436 3862 quid
1451 3780 1535 3862 juris

278 3885 395 3950 habuit
410 3887 443 3950 in
459 3886 599 3950 ecclesia
623 3894 816 3956 memorata,
832 3884 1022 3966 resignavit,
1038 3893 1075 3947 ut
1090 3893 1170 3946 tunc
1186 3882 1244 3946 fiat
1259 3882 1303 3946 de
1316 3903 1357 3946 ea
1373 3893 1533 3965 tanquam

276 3999 425 4067 vacante,
452 3999 580 4053 remota
609 3987 842 4069 appellatione.
890 3986 936 4050 Et
968 3986 1164 4050 mandatum
1200 3997 1252 4049 est
1284 3984 1533 4052 Archidiacono

278 4093 400 4170 Oxon',
416 4104 454 4158 ut
469 4093 652 4159 secundum
669 4091 755 4155 hanc
771 4091 923 4168 sormam,
938 4101 1000 4155 etc.

274 4277 419 4348 [Benedici
433 4277 467 4330 de
483 4277 585 4331 Sancto
596 4275 757 4338 Edmmtdo,
770 4274 910 4343 claploin,
924 4273 1044 4328 cellated
1056 4273 1089 4342 by
1106 4273 1153 4326 the
1163 4273 1272 4341 Bishop
1287 4273 1379 4342 hythe
1393 4274 1536 4345 auteonty

339 4361 375 4430 os
381 4360 427 4413 the
441 4359 562 4420 Gonnoi,
574 4361 599 4412 is
609 4357 757 4412 insulana
764 4359 845 4412 νέων
853 4359 889 4426 of
894 4355 1134 4410 Mnester-Levat.
1172 4354 1199 4406 Τ
1194 4355 1228 4409 lte
1239 4356 1371 4424 ve'oarage
1381 4359 1495 4411 ceneta
1505 4360 1541 4427 os

340 4459 391 4496 one
401 4442 471 4511 leals
476 4443 513 4511 os
518 4441 565 4494 tlte
575 4441 677 4510 living,
690 4440 735 4492 the
747 4439 853 4493 Monkr
863 4440 899 4508 of
905 4440 982 4507 lory,
996 4437 1171 4506 Nemandy,
1183 4437 1284 4507 taking
1300 4437 1346 4490 tlte
1362 4437 1443 4491 other
1450 4438 1535 4510 delfi]

364 4552 527 4618 VICARIA
558 4566 608 4615 DE
637 4552 830 4616 MINISTRE
841 4549 1088 4614 —Benedictus
1118 4547 1161 4612 de
1198 4559 1316 4613 sancto
1347 4548 1533 4616 Edmundo

277 4658 502 4741 cappellanus,
518 4657 571 4720 cui
587 4655 743 4719 dominus
768 4655 958 4737 Episcopus
973 4653 1129 4716 vicariam
1148 4652 1287 4715 ecclesie
1309 4651 1352 4716 de
1369 4652 1535 4720 Munistre

309 4871 317 4902 ι
384 4875 399 4900 ,.
482 4869 503 4890 m

308 4869 383 5015 'glo
396 4869 608 5003 gillelmintone
620 4950 644 5003 is
656 4957 758 5002 meant.
793 4948 854 4999 The
867 4947 1005 5000 Saclrville
1024 4945 1118 5013 family
1129 4959 1203 4995 were
1215 4943 1291 4997 lords
1302 4943 1335 4996 ol
1348 4943 1534 5016 Emmington,

276 5035 326 5088 but
339 5032 430 5085 notos
440 5032 602 5096 Middleton,
616 5031 701 5085 Great
715 5023 822 5094 Milton,
835 5046 866 5081 or
880 5025 1273 5093 Milton-under-Wychwood.
