3609 5642
309 547 359 616 40
653 525 789 599 Rotulz'
811 526 988 622 Hugone's
1013 526 1057 600 de
1089 525 1220 599 Wolles

309 761 440 831 [Herem
448 763 481 816 de
491 761 620 824 Findon',
631 761 767 830 cleoploin,
776 762 925 830 presented
932 763 965 833 by
981 764 1027 816 tte
1037 764 1124 818 Prior
1138 766 1174 833 os
1182 764 1281 834 Coggs.
1293 765 1319 817 is
1332 764 1478 818 instituted
1485 766 1566 818 vicar

374 844 410 912 of
417 844 517 913 Coggr.
528 845 590 897 aad
598 846 622 897 is
634 849 660 898 to
671 845 922 914 seevepersonally.
962 846 1017 898 The
1027 847 1159 916 vz'coroge
1170 847 1194 899 is
1205 846 1361 913 desm'bed]

398 988 767 1053 KOGES.—Herbertus
797 989 840 1053 de
868 990 1019 1067 Findon',
1044 990 1245 1074 capellanus,
1270 999 1480 1074 presentatus
1504 1011 1563 1072 per

309 1092 497 1174 Johannem
514 1093 557 1157 de
574 1093 690 1170 Lond’,
707 1094 853 1157 Priorem
869 1095 913 1158 de
937 1095 1061 1178 Koges,
1077 1095 1119 1158 ad
1140 1094 1290 1177 ejusdem
1314 1093 1378 1157 loci
1395 1094 1562 1170 vicariam,

310 1196 497 1262 ordinatam
529 1198 727 1262 auctoritate
758 1197 907 1275 Concilii,
934 1199 1021 1262 facta
1052 1200 1142 1282 prius
1177 1199 1390 1282 inquisitione
1421 1219 1480 1282 per
1511 1198 1562 1275 A,

311 1299 593 1364 Archidiaconum
619 1301 741 1377 Oxon’,
766 1324 824 1385 per
849 1323 966 1398 quam,
987 1313 1057 1379 etc,
1081 1302 1124 1365 ad
1151 1302 1293 1366 eandem
1318 1302 1475 1365 vicariam
1503 1300 1561 1364 ad-

311 1405 430 1467 missus
453 1416 504 1468 est
526 1425 602 1468 cum
626 1426 725 1469 onere
748 1415 782 1470 et
802 1427 889 1488 pena
912 1407 1117 1470 vicariorum.
1163 1406 1326 1471 Consistit
1351 1418 1463 1469 autem
1490 1407 1562 1488 ipsa

311 1509 431 1572 vicaria
454 1508 486 1571 in
511 1519 583 1572 toto
605 1509 821 1592 alteragioet
845 1511 877 1574 in
901 1510 1056 1573 omnibus
1079 1510 1336 1574 obventionibus
1359 1509 1481 1585 altaris,
1496 1529 1561 1591 que

310 1613 422 1697 valent
445 1613 618 1676 annuatim
644 1613 680 1675 lx
704 1612 838 1689 solidos
865 1625 898 1677 et
926 1614 958 1676 in
985 1613 1125 1677 dimidia
1150 1614 1280 1696 virgata
1302 1622 1388 1676 terre
1410 1612 1561 1694 ejusdem

309 1715 447 1781 ecclesie
470 1717 503 1779 in
519 1716 596 1779 villa
612 1716 654 1779 de
679 1716 794 1800 Koges
817 1737 892 1779 cum
916 1717 1046 1780 duabus
1070 1717 1153 1780 acris
1176 1717 1284 1800 prati;
1308 1715 1403 1797 cujus
1425 1715 1563 1780 dimidie

310 1820 437 1902 virgate
452 1820 599 1902 quinque
617 1839 691 1882 acre
715 1818 829 1900 jacent
851 1819 894 1882 ad
918 1841 1047 1883 crucem
1064 1841 1178 1883 versus
1193 1819 1332 1883 domum
1358 1819 1496 1883 Roberti
1519 1818 1562 1883 de

312 1922 570 2006 Rothomag[o],
593 1932 627 1986 et
657 1923 722 1986 due
752 1943 827 1986 acre
858 1932 892 1986 et
929 1923 1068 1987 dimidia
1099 1924 1141 1987 ad
1170 1925 1257 1986 viam
1287 1923 1389 2004 juxta
1419 1922 1561 1985 crottum

313 2026 450 2091 Henrici
475 2027 612 2103 Pincun,
638 2037 672 2090 et
698 2026 763 2090 due
786 2048 861 2091 acre
887 2038 922 2090 et
937 2026 1076 2090 dimidia
1096 2026 1197 2108 juxta
1218 2027 1361 2090 crottum
1387 2027 1508 2109 Rogeri
1532 2025 1563 2089 le

312 2131 439 2208 Norels,
465 2141 500 2195 et
524 2131 589 2195 due
613 2135 693 2194 acre'
714 2131 800 2213 prati
832 2132 863 2194 in
890 2131 1122 2196 Grimesmede
1144 2133 1230 2195 inter
1261 2130 1490 2194 molendinum
1521 2129 1564 2193 de

312 2235 427 2318 Koges
443 2244 477 2299 et
493 2245 624 2317 pratum
638 2235 668 2298 le
686 2235 864 2319 Flemeng',
880 2246 914 2299 et
930 2236 963 2300 in
981 2256 1098 2298 manso
1121 2235 1243 2298 idoneo
1266 2236 1351 2298 inter
1374 2234 1562 2317 pomerium

311 2340 431 2403 Prioris
455 2350 489 2403 et
513 2340 673 2403 vivarium
698 2338 910 2403 dominorum
932 2339 975 2404 de
995 2341 1119 2423 Koges,
1135 2341 1168 2402 in
1193 2361 1261 2422 quo
1283 2339 1375 2403 Prior
1392 2337 1563 2403 edificabit

310 2442 448 2507 domum
465 2453 712 2525 competentem
729 2464 788 2525 per
803 2444 965 2507 auxilium
978 2444 1098 2507 vicarii.
1144 2443 1298 2506 Vicarius
1316 2441 1517 2506 ministrabit
1531 2441 1564 2504 in

310 2548 443 2630 propria
459 2568 601 2630 persona
617 2548 649 2611 in
665 2547 756 2611 dicta
778 2548 927 2624 ecclesia,
941 2558 977 2612 et
1000 2547 1145 2611 inveniet
1168 2546 1322 2611 clericum
1347 2546 1504 2609 idoneum
1528 2554 1562 2608 et

310 2652 485 2714 luminaria
507 2652 741 2735 competentia,
765 2661 799 2715 et
823 2651 1026 2733 acquietabit
1053 2651 1226 2714 annuatim
1253 2649 1426 2713 sinodalia.
1473 2649 1565 2711 Prior

310 2775 388 2818 vero
414 2755 527 2818 omnia
552 2754 617 2817 alia
643 2774 744 2818 onera
766 2753 917 2835 ejusdem
941 2754 1079 2817 ecclesie
1102 2753 1288 2828 sustinebit,
1306 2762 1341 2816 et
1362 2752 1452 2816 valet
1475 2751 1565 2816 dicta

311 2858 432 2922 vicaria
447 2880 467 2921 v
484 2878 618 2921 marcas.
667 2857 711 2920 Et
728 2856 924 2921 mandatum
941 2858 1050 2921 eidem
1069 2855 1315 2920 Archidiacono
1332 2865 1377 2932 ut,
1391 2866 1452 2920 etc.

310 3043 453 3111 [Wllrizm
470 3044 504 3096 de
521 3043 650 3106 Horsam,
663 3042 802 3111 chaploe'n,
811 3042 960 3111 presented
972 3043 1006 3111 by
1020 3042 1065 3095 tlte
1080 3043 1168 3096 Pn'or
1182 3042 1242 3095 ane
1259 3042 1385 3096 Conveni
1399 3043 1435 3110 of
1447 3042 1568 3102 Menon,

376 3128 401 3180 is
412 3126 557 3179 instituted
565 3126 645 3178 viror
653 3126 689 3193 os
695 3124 853 3191 Dunstetv]

401 3227 922 3294 DUNNUSTYWA.—Willelmus
952 3227 995 3291 de
1028 3228 1184 3303 Horsam,
1210 3229 1411 3310 capellanus,
1434 3247 1566 3311 presen-

313 3343 403 3398 tatus
419 3353 478 3416 per
495 3332 642 3394 Priorem
658 3341 692 3394 et
708 3341 909 3395 conventum
926 3332 969 3395 de
983 3332 1117 3396 Merton
1133 3333 1175 3396 ad
1193 3332 1349 3395 vicariam
1371 3331 1509 3395 ecclesie
1524 3331 1568 3395 de

315 3438 554 3518 Dunnestywa,
570 3446 744 3498 vacantem
768 3456 808 3498 eo
831 3435 922 3516 quod
947 3423 1120 3511 Osbertus,
1136 3434 1306 3516 quondam
1323 3436 1464 3498 vicarius
1480 3435 1566 3516 ejus-

312 3540 400 3616 dem,
416 3539 506 3603 aliud
535 3539 659 3620 recepit
685 3538 882 3602 beneficium
910 3559 1023 3602 curam
1049 3538 1184 3615 habenS,
1207 3549 1279 3615 etc,
1294 3536 1383 3602 facta
1403 3538 1494 3621 prius
1519 3538 1567 3600 in·

313 3643 480 3727 quistione
498 3664 556 3726 per
575 3642 622 3718 A,
641 3642 923 3706 Archidiaconum
941 3642 1064 3719 Oxon’,
1081 3663 1140 3725 per
1155 3663 1266 3725 quam,
1281 3653 1352 3719 etc,
1367 3641 1409 3706 ad
1425 3641 1567 3706 eandem

314 3747 479 3811 admissus
495 3755 546 3810 est
562 3767 637 3809 cum
654 3767 754 3809 onere
770 3755 803 3809 et
827 3766 915 3828 pena
930 3747 1136 3822 vicariorum,
1153 3757 1224 3822 etc,
1239 3758 1273 3810 et
1297 3745 1494 3810 mandatum
1518 3754 1570 3808 est

314 3853 423 3917 eidem
442 3850 698 3926 Archidiacon0,
713 3860 773 3913 etc.

402 4024 471 4108 [On
487 4023 540 4087 the
555 4023 633 4086 back
648 4023 689 4102 of
696 4022 837 4106 thefirst
849 4033 943 4103 entey
957 4022 1071 4103 oftlzis
1077 4045 1163 4104 year
1173 4022 1243 4107 :-]

315 4151 457 4220 [Rr'cleord‚
473 4150 614 4218 formerly
634 4149 720 4203 Peior
744 4151 779 4218 of
801 4149 842 4203 St.
865 4151 971 4216 Jonas,
995 4150 1207 4218 Nonhompton,
1227 4149 1252 4202 is
1271 4147 1415 4201 instr'treted
1432 4147 1518 4200 Peior
1539 4146 1575 4214 os

385 4233 517 4286 Wroxton
529 4231 598 4284 welle
612 4231 655 4284 the
667 4237 779 4285 consent
788 4232 823 4299 of
829 4231 955 4286 Michoel
964 4231 1049 4294 Belet,
1062 4231 1108 4285 the
1114 4230 1239 4299 patron]

409 4349 816 4436 [WROXTON].—Frater
833 4351 996 4414 Ricardus
1012 4350 1181 4433 quondam
1201 4350 1292 4412 Prior
1314 4348 1429 4413 Sancti
1453 4347 1568 4429 Jacobi

319 4454 538 4521 Norbamton’
552 4475 609 4537 per
625 4455 803 4517 canonicos
819 4454 861 4517 de
878 4452 1061 4516 Wrokstan
1078 4454 1111 4516 in
1129 4453 1275 4515 Priorem
1293 4450 1416 4514 ibidem
1435 4450 1570 4526 electus

318 4561 406 4624 facta
429 4559 519 4642 prius
547 4557 759 4639 inquisitione
785 4578 843 4640 per
872 4556 921 4633 A,
949 4557 1231 4620 Archidiaconum
1263 4554 1376 4629 Oxon,
1406 4565 1441 4618 et
1471 4554 1498 4636 J.
1526 4552 1569 4616 de

319 4667 443 4731 Sancto
483 4662 614 4744 Egidi0,
644 4663 840 4725 canonicum
880 4662 1049 4744 prebende
1081 4661 1123 4724 de
1162 4659 1362 4741 Bannebiry,
1386 4657 1569 4722 seeundum

318 4767 474 4833 articulos
501 4776 677 4828 consuetos
703 4786 802 4847 super
828 4765 991 4829 electione
1018 4764 1175 4847 predicta,
1199 4762 1440 4826 interveniente
1468 4761 1569 4824 etiam

318 4890 454 4936 assensu
483 4869 631 4952 magistri
660 4868 831 4932 Michaelis
860 4868 963 4943 Belet,
990 4867 1139 4949 ejusdem
1168 4866 1332 4949 prioratus
1355 4865 1497 4947 patroni,
1513 4884 1571 4945 per

318 4996 393 5059 que,
407 4985 478 5050 etc,
490 4973 532 5036 ad
556 4972 665 5054 ipsum
682 4973 863 5054 prioratum
881 4971 1047 5034 admissus
1062 4981 1122 5046 est,
1137 4980 1171 5034 et
1188 4971 1220 5032 in
1236 4989 1277 5032 eo
1295 4969 1455 5032 canonice
1479 4968 1571 5030 Prior
