3609 5642
581 578 760 674 Episcopi
782 578 1064 651 Lincolnz'ensz's.
1381 603 1449 673 257

194 816 276 879 filius
302 815 472 879 Radulfus
497 815 540 879 de
565 814 768 879 Trubleville
798 825 832 877 et
853 815 965 879 Alicia
991 836 1077 879 uxor
1099 837 1160 879 sua
1185 818 1350 900 hospitale
1373 838 1449 881 cum

193 920 320 1003 capella
350 920 443 1002 apud
477 918 672 983 Armistone
699 920 732 982 in
758 920 893 1002 proprio
920 918 1025 983 fundo
1050 941 1111 983 suo
1141 922 1174 983 in
1206 922 1378 1003 parrochia
1407 922 1450 987 de

194 1024 386 1088 Pokebroce
410 1024 678 1087 construxissent
701 1043 838 1086 assensu
864 1022 1002 1086 Roberti
1020 1023 1050 1085 le
1075 1024 1102 1085 F
1104 1023 1237 1107 lemeng
1261 1028 1392 1107 patroni
1415 1037 1450 1091 et

192 1148 334 1211 persone
357 1128 497 1193 ecclesie
519 1128 562 1191 de
586 1126 767 1202 Pokebroc‚
783 1128 1000 1209 optinuerunt
1024 1128 1056 1189 in
1081 1128 1142 1191 hac
1166 1128 1280 1203 forma,
1296 1130 1450 1195 videlicet

192 1243 228 1295 ut
243 1230 393 1295 habeant
409 1232 444 1293 in
459 1232 533 1312 ipsa
548 1230 678 1313 capella
693 1230 737 1293 de
754 1230 958 1293 Armestone
973 1231 1182 1313 capellanum
1201 1234 1234 1295 in
1251 1244 1448 1316 perpetuum

192 1335 450 1411 ministrantem,
472 1334 623 1397 habitum
647 1334 815 1416 religionis
837 1333 964 1397 scilicet
988 1323 1117 1417 pannos
1142 1335 1184 1399 de
1207 1348 1337 1401 russeto
1360 1350 1450 1421 port-

193 1448 320 1514 antem,
335 1438 432 1501 sicuti
448 1448 482 1501 et
498 1438 553 1500 alii
569 1437 686 1500 fratres
701 1436 851 1517 ejusdem
869 1437 1045 1520 hospitalis
1062 1438 1192 1515 sacient,
1207 1450 1249 1516 et,
1266 1442 1299 1502 in
1316 1442 1448 1524 signum

192 1542 364 1625 religionis
394 1562 461 1617 sue,
493 1540 690 1605 indumento
719 1541 886 1617 exteriori,
916 1540 1007 1622 quod
1034 1542 1184 1605 clausum
1207 1545 1278 1620 erit,
1301 1565 1448 1627 pannum

194 1645 334 1709 rubeum
360 1646 393 1707 in
416 1644 670 1709 similitudinem
696 1644 803 1707 baculi
828 1645 1004 1727 pastoralis
1028 1646 1061 1707 in
1087 1656 1241 1728 pectore;
1265 1648 1345 1711 item
1361 1670 1450 1711 cam-

193 1770 318 1833 panam
334 1770 436 1813 unam
460 1749 547 1813 intra
569 1748 732 1834 capellam
749 1749 856 1830 ipsam
881 1749 1085 1830 pendentem
1109 1750 1151 1813 ad
1175 1754 1450 1817 convocationem

194 1854 357 1930 fratrum;
379 1852 496 1916 fratres
514 1853 616 1916 etiam
639 1852 760 1915 domus
783 1851 958 1933 hospitalis
981 1852 1140 1933 ejusdem,
1156 1854 1256 1936 pleno
1277 1855 1350 1935 jure
1373 1877 1450 1920 con-

195 1958 279 2021 versi
288 1967 323 2020 et
335 1956 488 2020 habitum
501 1955 687 2038 predictum
699 1965 909 2038 portantes‚a
922 1956 1096 2037 capellano
1107 1956 1229 2020 ibidem
1243 1958 1452 2023 ministrante

194 2061 420 2125 ecclesiastica
433 2060 617 2142 percipiant
633 2068 849 2122 sacramenta.
897 2060 1087 2124 Servientes
1100 2082 1177 2123 vero
1190 2062 1329 2143 predicti
1340 2063 1451 2146 hospi-

194 2164 271 2229 talis
286 2165 343 2246 qui
360 2164 511 2227 conversi
538 2183 605 2226 non
633 2163 755 2226 suerint
781 2173 816 2226 et
840 2164 957 2245 reliqui
989 2164 1064 2227 illuc
1085 2163 1288 2229 divertentes
1304 2164 1385 2229 dum
1406 2166 1450 2231 ibi

196 2288 324 2332 moram
348 2267 495 2343 fecerint,
517 2269 602 2330 sicut
627 2267 681 2329 alii
708 2267 925 2349 parrochiani,
948 2267 991 2330 de
1018 2268 1154 2331 matrice
1177 2269 1315 2332 ecclesia
1338 2272 1451 2333 omnia

195 2372 419 2436 ecclesiastica
459 2371 643 2454 percipiant
683 2380 899 2433 sacramenta.
957 2370 1134 2452 Hospitale
1168 2392 1246 2434 vero
1281 2374 1449 2455 proprium

196 2474 319 2539 habeat
341 2476 550 2552 cimiterium,
566 2476 600 2537 in
615 2495 684 2557 quo
699 2474 838 2557 predicti
862 2475 1012 2537 conversi
1036 2484 1070 2536 et
1086 2494 1250 2556 pauperes
1272 2486 1307 2539 et
1330 2476 1451 2540 infirmi

197 2587 327 2642 tantum
348 2579 425 2641 illuc
440 2577 665 2653 advenientes
680 2577 833 2659 exceptis
849 2577 1077 2659 parrochianis
1094 2578 1240 2640 matricis
1255 2578 1393 2643 ecclesie
1409 2579 1452 2643 de

198 2682 378 2759 Pokebroc‚
408 2684 435 2745 si
467 2682 511 2745 ibi
547 2682 762 2757 decesserint·
787 2679 911 2744 ibidem
949 2680 1159 2763 sepeliantur.
1216 2682 1343 2746 Matrix
1374 2704 1453 2746 vero

196 2788 334 2851 ecclesia
351 2788 511 2869 percipiet
526 2806 643 2849 omnes
658 2785 846 2848 oblationes
861 2796 896 2848 et
911 2784 1131 2847 obventiones
1147 2805 1167 2847 a
1182 2784 1273 2849 dicto
1295 2786 1451 2870 hospitali

197 2901 230 2955 et
241 2892 285 2955 ab
296 2891 453 2955 omnibus
466 2890 508 2953 ad
526 2890 607 2953 illud
623 2888 867 2953 divertentibus
883 2890 1125 2971 provenientes,
1141 2890 1281 2953 custode
1296 2910 1341 2953 ex
1357 2900 1452 2973 parte

199 2996 333 3059 rectoris
348 2996 453 3078 ipsius
467 2994 606 3058 ecclesie
629 2995 685 3075 qui
710 3014 770 3075 pro
793 3002 946 3075 tempore
962 2992 1059 3055 suerit
1081 2993 1152 3056 sine
1175 2992 1288 3074 aliquo
1312 2995 1451 3077 impedi-

199 3110 312 3163 mento
328 3099 478 3182 magistri
494 3107 528 3162 et
551 3097 689 3161 fratrum
713 3096 863 3177 ejusdem
887 3096 1072 3179 hospitalis·
1086 3096 1128 3160 ad
1152 3097 1215 3160 hoc
1239 3099 1452 3181 assignand0‚

197 3204 348 3285 exceptis
391 3200 617 3265 oblationibus
658 3199 931 3283 provenientibus
969 3200 1002 3261 in
1041 3208 1182 3281 utroque
1220 3200 1305 3265 festo
1342 3202 1448 3265 sancti

196 3306 358 3389 Johannis
386 3305 546 3388 Baptiste,
572 3304 697 3368 scilicet
724 3304 919 3366 Nativitatis
949 3315 983 3366 et
1011 3302 1252 3366 Decollationis
1278 3304 1451 3385 ejusdem;

196 3430 260 3492 que
281 3408 418 3493 quidem
442 3411 476 3471 in
504 3429 582 3471 usus
607 3408 831 3491 predictorum
857 3407 1032 3489 hospitalis
1055 3417 1089 3469 et
1113 3428 1297 3489 pauperum
1321 3409 1449 3473 cedent.

197 3514 231 3577 Si
245 3516 321 3597 quis
331 3534 410 3577 vero
425 3512 536 3575 divine
552 3512 686 3593 pietatis
702 3511 823 3573 intuitu
836 3520 870 3573 et
883 3531 943 3593 pro
954 3510 1060 3573 salute
1072 3511 1183 3573 anime
1196 3530 1254 3573 sue
1269 3532 1313 3573 ex
1330 3512 1452 3595 legato,

196 3618 245 3683 vel
269 3619 336 3681 alio
362 3618 480 3700 quovis
507 3616 614 3700 titulo,
640 3615 790 3698 predicto
814 3614 971 3697 hospitali
995 3614 1131 3696 aliquod
1159 3613 1201 3677 de
1225 3636 1286 3677 suo
1311 3636 1449 3699 erogare

196 3723 344 3797 voluerit,
356 3720 436 3784 illud
452 3722 483 3783 ei
500 3720 601 3783 libere
616 3720 723 3795 liceat,
746 3728 780 3781 et
796 3719 842 3781 sic
866 3718 1015 3799 legatum
1039 3718 1090 3780 vel
1106 3718 1172 3780 alio
1195 3738 1329 3799 quoque
1352 3720 1450 3782 titulo

196 3826 352 3889 collatum
380 3824 477 3889 cedet
500 3825 533 3886 in
557 3843 636 3886 usus
659 3822 800 3905 predicti
825 3822 1009 3903 hospitalis,
1025 3821 1118 3884 salvo
1142 3822 1174 3884 in
1198 3822 1354 3885 omnibus
1375 3822 1449 3904 jure

195 3928 406 3993 ecclesiarum
421 3947 557 3990 suarum
573 3926 837 4010 parrochialium.
886 3925 948 3988 llle
963 3945 1041 3987 vero
1057 3926 1112 4006 qui
1124 3925 1274 4006 predicto
1289 3926 1446 4010 hospitali

195 4043 228 4095 et
246 4032 404 4095 fratribus
424 4031 554 4114 preerit‚
573 4030 732 4113 episcopo
752 4030 815 4092 loci
839 4027 1081 4112 presentandus
1097 4038 1131 4091 et
1154 4049 1300 4110 pereum
1319 4030 1448 4093 institu-

195 4134 307 4211 endus,
322 4134 424 4198 faciet
439 4134 472 4196 in
487 4133 691 4197 admissione
707 4153 767 4195 sua
783 4133 845 4213 ipsi
861 4142 895 4195 et
918 4130 1114 4193 officialibus
1131 4131 1198 4194 suis
1220 4130 1445 4196 obedientiam

194 4248 227 4302 et
240 4238 360 4303 rectori
385 4237 532 4301 matricis
554 4236 692 4300 ecclesie
715 4236 759 4299 de
784 4234 985 4311 Pokebroee,
1000 4234 1057 4316 qui
1082 4254 1141 4316 pro
1165 4243 1317 4316 tempore
1341 4235 1447 4313 suerit,

194 4339 235 4406 de
248 4341 494 4423 indempnitate
508 4339 659 4421 ejusdem
677 4338 881 4402 fidelitatem.
929 4338 974 4401 Et
990 4338 1016 4399 si
1029 4346 1145 4399 contra
1162 4337 1311 4419 predicta
1321 4337 1445 4420 aliquid

194 4444 442 4527 attemptaverit
462 4429 522 4525 per
540 4444 649 4526 ipsum
673 4442 868 4525 episcopum
892 4441 1076 4523 corrigatur
1091 4441 1161 4503 sive
1184 4460 1241 4522 per
1258 4441 1360 4522 ipsius
1383 4440 1446 4503 loci

193 4547 405 4611 interdictum
421 4548 491 4610 sive
506 4548 572 4611 alio
590 4545 699 4622 modo,
715 4546 800 4608 sicut
821 4547 891 4627 ipse
916 4542 1096 4626 providerit
1120 4542 1331 4619 iaciendum;
1355 4544 1446 4606 nulla

193 4651 238 4714 eis
266 4649 493 4733 appellatione
530 4649 581 4713 vel
621 4649 854 4731 impetratione
885 4648 918 4709 in
947 4658 1115 4729 posterum
1148 4644 1299 4707 iacienda
1329 4656 1445 4709 contra

194 4756 352 4835 premissa
369 4753 422 4818 vel
438 4752 574 4835 aliquod
598 4754 833 4835 premissorum
857 4751 1006 4813 valitura.
1055 4749 1093 4811 ln
1118 4750 1249 4832 signum
1273 4759 1386 4812 autem
1409 4759 1443 4812 et

194 4858 453 4939 recognitionem
505 4857 604 4938 hujus
642 4854 858 4935 subjectionis
897 4853 1150 4936 assignaverunt
1193 4851 1357 4914 Radullus
1401 4851 1444 4915 de

194 4958 393 5025 Trubleville
408 4969 443 5024 et
460 4959 569 5022 Alicia
582 4980 668 5022 uxor
683 4979 744 5021 sua
759 4978 819 5041 pro
835 4978 870 5020 se
885 4966 920 5019 et
929 4954 1107 5019 heredibus
1116 4954 1184 5016 suis
1201 4954 1233 5015 in
1245 4946 1441 5035 perpetuum

256 5085 322 5139 Vot.
336 5086 371 5141 ll.
1367 5092 1383 5129 s
