3609 5642
661 528 796 601 Rotulz'
812 525 990 623 Hugont'r
1006 526 1051 599 de
1077 525 1209 600 Welles

446 982 918 1140 ercsstttoconotue
997 983 1428 1141 moriemurne.

730 1240 870 1306 Auuus
916 1241 1156 1306 Uuoucruus.

309 1463 448 1532 [Wllr'am
460 1463 494 1516 de
504 1461 649 1514 Lincolm'a
657 1461 683 1512 r's
694 1459 838 1513 instituted
852 1464 879 1513 to
896 1458 942 1511 the
958 1458 1059 1512 charete
1075 1459 1111 1526 os
1121 1459 1261 1528 Stansord
1272 1475 1308 1512 on
1323 1460 1370 1513 ttre
1380 1462 1570 1529 presentatr‘on

374 1547 410 1614 os
421 1545 466 1598 ttre
477 1544 566 1598 Abbot
574 1543 635 1595 and
646 1543 772 1596 Convent
780 1542 816 1609 of
827 1541 927 1610 Selby]

297 1707 299 1712 .
358 1685 360 1688 ·
397 1652 820 1734 &numito-Magister
857 1650 1046 1714 Willelmus
1075 1650 1118 1714 de
1150 1651 1333 1728 Lincolnia,
1358 1661 1569 1735 presentatus

309 1780 367 1844 per
383 1759 553 1822 Abbatem
574 1767 608 1820 et
627 1766 828 1819 conventum
845 1754 888 1818 de
905 1754 1028 1837 Seleby
1043 1754 1086 1818 ad
1103 1754 1278 1818 ecclesiam
1291 1755 1334 1818 de
1351 1755 1569 1832 Stanforton',

307 1862 394 1926 sacta
418 1861 508 1944 prius
532 1859 745 1940 inquisitione
766 1879 824 1940 per
841 1858 888 1934 R„
906 1858 1188 1921 Archidiaconum
1210 1857 1486 1941 Norhamptonie‚
1509 1879 1569 1941 per

306 1985 407 2047 quam
432 1964 603 2046 negotium
624 1962 685 2025 suit
710 1963 741 2024 in
764 1961 934 2043 expedite,
950 1961 992 2023 ad
1012 1961 1154 2025 eandem
1173 1972 1224 2025 est
1240 1961 1405 2024 admissus
1424 1972 1459 2025 et
1478 1963 1511 2024 in
1528 1983 1570 2026 ea

305 2068 464 2132 canonice
485 2086 626 2149 persona
645 2066 823 2128 institutus.
871 2065 917 2127 Et
936 2062 1122 2144 injunctum
1142 2073 1194 2128 est
1213 2064 1303 2127 dicto
1321 2065 1569 2130 Archidiacono

307 2183 386 2236 tunc
403 2172 547 2254 presenti
563 2170 653 2252 quod
671 2171 779 2251 ipsum
797 2167 1034 2250 W[illelmum]
1051 2168 1083 2230 in
1100 2167 1305 2250 corporalem
1323 2169 1409 2232 illius
1428 2169 1569 2234 ecclesie

309 2276 552 2359 possessionem
569 2273 713 2336 inducat

309 2532 384 2599 [The
395 2531 502 2598 Bt'slrep
512 2530 621 2597 confers
637 2545 673 2581 on
692 2528 791 2581 Robert
804 2527 837 2579 de
853 2526 1020 2588 Hemetden,
1038 2528 1115 2591 clerte,
1132 2527 1178 2580 the
1181 2529 1295 2594 poem
1311 2529 1342 2580 ἐκ
1362 2529 1409 2582 the
1423 2529 1523 2583 etrurclr
1537 2531 1574 2594 of

372 2613 472 2681 Eydon
482 2611 573 2664 which
586 2611 645 2663 trad
653 2610 717 2662 been
731 2609 798 2662 trent
810 2609 843 2677 by
857 2610 957 2677 Philip
970 2609 1016 2661 tlre
1024 2613 1138 2677 panon,
1151 2611 1316 2678 concerning
1327 2610 1419 2663 which
1430 2611 1506 2664 there
1515 2610 1569 2662 tras

371 2695 434 2747 been
456 2711 474 2746 a
496 2694 603 2761 dupute
627 2693 710 2745 about
733 2691 779 2744 the
789 2695 950 2759 patronage
972 2690 1090 2743 between
1114 2691 1239 2745 Rr'ctrard
1257 2691 1419 2745 Fite-Wate
1442 2691 1503 2745 arrd
1521 2692 1568 2746 the

371 2777 460 2832 Arbor
477 2777 512 2845 os
519 2775 670 2844 leicester]

394 2887 519 2952 Sunun
569 2899 759 2950 ponemus
810 2897 985 2949 occursus
1032 2898 1081 2947 ou
1133 2885 1382 2950 Heroour-
1399 2886 1567 2949 Dominus

308 2991 497 3073 Episcopus
535 2988 677 3052 contulit
707 2989 905 3052 auctoritate
937 2987 1076 3052 Concilii
1109 2988 1344 3052 Lateranensis
1379 2990 1566 3072 portionem

304 3095 442 3158 ecclesie
473 3094 516 3158 de
545 3092 710 3175 Heydon',
730 3112 831 3174 quam
862 3092 1033 3175 Philippus
1064 3112 1207 3175 persona
1236 3093 1345 3157 tenuit
1374 3095 1407 3156 in
1438 3094 1568 3171 eadem,

307 3198 455 3261 Roberto
471 3197 513 3261 de
532 3196 741 3272 Hamelden’‚
754 3196 893 3271 cleric03
916 3217 1015 3279 super
1030 3217 1097 3279 qua
1119 3198 1291 3261 contentio
1307 3207 1400 3262 mota
1414 3208 1467 3262 est
1482 3199 1568 3263 inter

305 3301 475 3365 Abbatem
494 3300 597 3364 Leirc’
614 3310 648 3363 et
666 3299 847 3362 Ricardum
864 3298 968 3361 filium
990 3299 1125 3382 Gual[e]
1141 3301 1184 3364 de
1209 3300 1365 3382 Heydon’
1382 3322 1481 3384 super
1494 3301 1568 3383 jure

305 3415 508 3490 patronatus,
556 3404 602 3467 Et
618 3404 814 3467 mandatum
838 3413 889 3466 est
914 3402 1160 3467 Archidiacono
1185 3404 1453 3488 Norhamptonie
1475 3405 1565 3488 quod

306 3507 512 3570 Willelmum
537 3508 579 3571 de
602 3507 786 3588 Tinghurst
814 3506 1024 3588 capellanum
1057 3506 1130 3570 loco
1161 3509 1264 3591 ipsius
1294 3510 1327 3572 in
1358 3509 1564 3592 corporalem

305 3612 396 3676 dicte
434 3611 596 3694 portionis
634 3611 878 3693 possessionem
918 3610 1063 3686 inducat,
1107 3611 1199 3674 salvo
1237 3612 1456 3695 imposterum
1492 3611 1567 3694 jure

306 3713 579 3796 unius-cujusque
594 3715 651 3795 qui
665 3713 719 3795 jus
735 3723 931 3797 patronatus
947 3715 1082 3778 evicerit
1097 3716 1130 3777 in
1146 3715 1273 3780 eadem.

304 4059 447 4128 [Wiltiam
459 4059 492 4111 de
505 4058 659 4127 Dudelegh.
672 4059 750 4122 clerk,
769 4059 794 4110 is
809 4058 957 4111 instituted
963 4063 991 4111 to
1001 4057 1047 4113 the
1067 4058 1168 4114 cturct
1184 4059 1221 4126 os
1231 4057 1383 4112 Huselbectr
1394 4075 1431 4113 on
1450 4060 1496 4113 tlte
1502 4063 1567 4128 pre·

368 4141 504 4193 sentation
521 4141 557 4208 os
573 4139 696 4194 William
714 4139 842 4200 Burdet·
858 4144 885 4191 te
900 4138 930 4191 be
941 4137 1071 4193 irrdrrcted
1085 4139 1118 4207 by
1133 4139 1178 4191 tlte
1194 4139 1277 4192 merul
1293 4139 1364 4193 dean
1381 4142 1417 4209 of
1427 4141 1567 4210 Adting-

369 4223 481 4289 wetti]

396 4331 877 4397 HESELBECH’.-Willelmus
900 4331 943 4395 de
968 4330 1155 4414 Dudelegh’
1178 4331 1326 4409 clericus
1355 4344 1566 4416 presentatus

305 4459 364 4521 per
395 4437 600 4501 Willelmum
630 4438 755 4501 Burdet
787 4437 829 4500 ad
855 4437 1029 4501 ecclesiam
1057 4437 1099 4500 de
1126 4437 1338 4520 Heselbegh’,
1364 4439 1451 4503 sacta
1476 4439 1567 4522 prius

305 4542 518 4624 inquisitione
556 4562 615 4624 per
653 4542 701 4616 Κ,
731 4540 1013 4604 Archidiaconum
1054 4541 1330 4625 Norhamptonie,
1368 4563 1426 4625 per
1463 4563 1564 4625 quam

305 4647 477 4729 negotium
498 4645 560 4709 suit
581 4646 613 4709 in
633 4646 804 4728 expedito
824 4645 990 4708 admissus
1012 4655 1064 4709 est
1079 4657 1114 4710 et
1134 4647 1167 4709 in
1186 4666 1226 4709 ea
1245 4648 1404 4711 canonice
1424 4667 1566 4730 persona

304 4751 476 4814 institutus
491 4769 566 4812 cum
583 4769 683 4813 onere
699 4749 740 4813 ad
757 4749 932 4833 proximos
947 4749 1080 4813 ordines
1096 4750 1258 4813 veniendi.
1306 4750 1352 4814 Et
1368 4750 1564 4814 mandatum

303 4862 355 4917 est
373 4853 511 4916 Decano
526 4851 569 4916 de
585 4853 849 4936 Erningeworth'
866 4862 903 4915 ut
916 4853 1025 4935 ipsum
1038 4852 1193 4916 clericum
1205 4854 1239 4917 in
1255 4853 1462 4937 corporalem
1478 4854 1565 4918 illius

304 4957 442 5024 ecclesie
459 4957 703 5040 possessionem
717 4955 817 5040 juxta
833 4957 974 5021 formam
990 4956 1186 5043 premissam
1202 4957 1346 5024 inducat
1524 4939 1528 4951 ⁶
