3609 5642
597 575 776 671 Episcopi
798 574 1082 648 Liucolne'ense's.
1405 597 1472 669 173

217 809 299 877 [John
309 809 343 861 de
354 809 497 873 Pokebroa
510 811 648 879 ciapluin,
656 812 805 878 presented
813 812 846 880 by
861 777 987 865 William
999 811 1033 865 de
1047 811 1190 879 Gymeges,
1202 813 1227 864 is
1238 813 1383 866 instituted
1392 818 1419 866 to
1430 815 1476 867 the

277 891 376 944 charete
388 892 424 960 of
435 892 590 957 Brudden.]

300 1013 738 1096 BRADDENE.-Johannes
761 1014 805 1078 de
834 1014 1015 1091 Pokebroc,
1039 1014 1241 1097 capellanus
1265 1026 1475 1098 presentatus

217 1138 272 1199 per
286 1116 493 1180 Willelmum
510 1117 554 1180 de
570 1116 740 1199 Gymeges
756 1118 798 1181 ad
816 1118 991 1182 ecclesiam
1008 1117 1051 1181 de
1074 1118 1258 1194 Braddene,
1274 1119 1362 1183 sacta
1385 1121 1475 1202 prius

215 1220 424 1302 inquisitione
448 1240 506 1302 per
526 1219 565 1301 J.,
590 1220 875 1284 Archidiaconum
900 1222 1178 1304 Norhamptonie,
1194 1242 1252 1303 per
1276 1242 1388 1304 quam,
1404 1232 1475 1300 etc,

214 1323 254 1386 ad
269 1323 411 1387 eandem
428 1323 593 1388 admissus
607 1336 667 1403 est,
682 1335 744 1389 etc.
790 1325 836 1389 Et
848 1325 1046 1391 mandatum
1059 1335 1110 1389 est
1120 1325 1212 1389 dicto
1225 1326 1473 1390 Archidiacono

216 1437 259 1504 ut,
272 1438 333 1492 etc.

214 1684 298 1752 [Alere
315 1684 351 1737 de
372 1684 509 1746 Titlebroc‚
529 1684 666 1753 chaplaeir,
681 1686 831 1752 presented
846 1686 879 1755 by
896 1686 1017 1739 Thomas
1036 1685 1070 1739 de
1091 1686 1199 1754 Torpel.
1219 1686 1320 1749 Rectorz
1340 1687 1410 1740 with
1429 1688 1475 1741 tlte

273 1767 431 1834 consentes
441 1767 487 1820 ue
493 1767 652 1834 guardeizns
663 1769 698 1835 os
709 1767 847 1835 Rogerde
861 1767 967 1836 Torpel,
981 1769 1027 1822 ue
1038 1772 1149 1835 patron.
1162 1769 1188 1820 is
1202 1769 1348 1822 instituted
1356 1769 1436 1821 vicar
1445 1770 1481 1837 of

276 1849 446 1902 Cotterstock.
483 1848 540 1901 The
550 1848 883 1917 ue'caragersdescribed]

296 1977 710 2042 CODESTOKE.—Alanus
725 1977 767 2041 de
784 1977 960 2055 Tillebroc,
976 1977 1177 2060 capellanus,
1190 1986 1400 2061 presentatus
1416 1998 1475 2060 per

213 2080 378 2144 Thomam
394 2079 438 2143 de
454 2080 587 2163 Torpel,
600 2091 762 2145 rectorem
778 2082 916 2145 ecclesie
932 2080 975 2144 de
989 2080 1193 2158 Codestoke,
1205 2081 1247 2144 ad
1265 2078 1472 2164 perpetuam¹

212 2187 366 2250 vican'am
391 2184 530 2248 ecclesie
556 2183 600 2247 de
627 2184 827 2263 Codestoke,
858 2186 946 2248 facta
977 2186 1067 2267 prius
1099 2186 1313 2267 inquisitione
1348 2204 1406 2266 per
1435 2183 1474 2265 J.,

213 2289 494 2354 Archidiaconum
549 2288 826 2372 Norhamptonie,
871 2288 1113 2353 interveniente
1161 2288 1264 2352 etiam
1308 2307 1472 2350 consensu

211 2394 335 2459 domini
361 2393 579 2458 Cicestrensis
606 2394 765 2476 Episcopi
804 2392 939 2457 Radulfi
971 2392 1013 2456 de
1042 2392 1181 2469 Neville,
1205 2392 1334 2456 domini
1370 2392 1473 2475 Regis

212 2497 416 2574 Cancellarii,
440 2496 588 2561 custodis
613 2506 698 2560 terre
721 2508 756 2561 et
782 2496 914 2560 heredis
936 2497 1059 2579 Rogeri
1087 2496 1130 2560 de
1154 2495 1289 2578 Torpel,
1315 2493 1469 2576 ejusdem

210 2602 346 2667 ecclesie
362 2601 503 2684 patroni,
520 2621 578 2683 per
600 2622 675 2683 que,
689 2612 761 2679 etc,
776 2600 819 2663 ad
838 2599 981 2664 eandem
998 2601 1156 2664 vicariam
1175 2599 1342 2663 admissus
1363 2608 1423 2675 est,
1438 2608 1472 2662 et

211 2706 241 2767 in
262 2726 302 2769 ea
327 2704 487 2768 canonice
512 2705 653 2768 vicarius
684 2713 863 2787 perpetuus
889 2704 1070 2780 institutus,
1094 2724 1171 2767 cum
1196 2722 1297 2767 onere
1324 2711 1357 2767 et
1386 2722 1472 2785 pena

210 2810 413 2872 vicariorum.
460 2809 506 2872 Et
529 2808 726 2872 mandatum
749 2817 800 2872 est
823 2808 914 2871 dicto
939 2807 1187 2871 Archidiacono
1211 2817 1258 2883 ut,
1273 2816 1336 2870 etc.
1384 2806 1471 2871 Con-

209 2913 293 2976 sistit
308 2924 421 2976 antem
436 2913 508 2994 ipsa
523 2912 646 2976 vicaria
665 2913 698 2975 in
723 2912 878 2975 omnibus
907 2913 1044 2976 minutis
1067 2910 1215 2989 decimiS,
1236 2910 1472 2987 oblationibus,

210 3015 465 3081 obventionibus
488 3015 611 3090 altaris,
633 3025 667 3079 et
695 3017 727 3077 in
753 3016 846 3078 terris
873 3015 1012 3078 ecclesie
1037 3014 1193 3097 predicte,
1217 3024 1251 3077 et
1271 3014 1304 3076 in
1331 3012 1471 3077 decimis

211 3119 400 3183 molendini.

209 3376 312 3444 [Ratph
323 3378 357 3430 de
370 3376 560 3445 Colingelram.
573 3375 741 3439 santeacon,
750 3376 899 3443 presented
907 3375 941 3444 by
950 3376 996 3429 tlte
1010 3375 1100 3429 Abbot
1114 3374 1175 3428 arrd
1190 3373 1318 3427 Conveni
1330 3374 1366 3441 of
1378 3374 1471 3427 Peter-

272 3458 403 3528 borough,
415 3460 441 3511 is
451 3458 597 3512 instituted
605 3464 632 3511 to
644 3457 689 3511 the
699 3458 800 3511 chureii
811 3458 847 3526 of
859 3458 892 3509 K
888 3457 1027 3525 ettering.]

295 3586 769 3668 KETTERINGE.—Magister
800 3584 966 3648 Radulfus
996 3584 1039 3648 de
1075 3583 1304 3665 Colingeham,
1337 3581 1470 3645 subdia-

209 3710 319 3767 conus,
341 3699 551 3773 presentatus
576 3710 636 3772 ρετ
660 3689 831 3753 Abbatem
855 3698 890 3751 et
917 3698 1119 3751 conventum
1145 3686 1188 3749 de
1213 3686 1326 3767 Burgo
1353 3685 1469 3751 Sancti

210 3794 294 3857 Petri
317 3792 360 3856 ad
385 3793 558 3856 ecclesiam
583 3793 626 3856 de
654 3792 845 3874 Keteringe,
872 3791 961 3855 sacta
985 3791 1076 3874 prius
1103 3790 1317 3872 inquisitione
1349 3810 1409 3871 per
1432 3788 1470 3870 J.,

211 3897 490 3961 Archidiaconum
509 3897 775 3979 Norhamptonie
792 3916 977 3978 perquam,
993 3904 1063 3971 etc,
1079 3893 1120 3956 ad
1141 3892 1283 3957 eandem
1304 3893 1367 3955 sub
1383 3912 1470 3975 pena

212 4000 348 4065 Concilii
364 4000 531 4064 admissus
548 4012 608 4076 est,
627 4009 687 4063 etc.
734 4000 780 4063 Et
800 3999 996 4062 mandatum
1018 4007 1070 4061 est
1091 3997 1199 4060 eidem
1221 3995 1470 4059 Archidiacono

211 4116 254 4181 ut,
268 4115 329 4169 etc.

208 4360 292 4428 [loten
308 4361 344 4413 de
360 4360 499 4423 Neubotle,
510 4360 680 4422 suideaeon
694 4359 843 4427 presented
860 4358 893 4426 by
911 4358 957 4411 the
975 4358 1061 4409 Pn'or
1076 4357 1137 4409 and
1157 4356 1282 4409 Conuent
1297 4355 1333 4422 os
1345 4354 1468 4417 Launde,

268 4446 360 4507 Lrics,
372 4445 397 4495 is
415 4442 560 4495 instituted
576 4448 604 4496 to
616 4443 661 4496 the
677 4442 776 4495 chureii
796 4442 832 4510 of
842 4438 1067 4509 Anningworu.
1107 4438 1163 4491 Tite
1183 4438 1295 4490 undeni
1306 4438 1425 4504 pensiore
1446 4439 1470 4489 is

271 4526 404 4581 reserued
412 4531 441 4579 to
450 4525 496 4579 tlte
509 4524 652 4593 Conveni]

292 4653 842 4735 ARNINGWORTHE.-Johannes
869 4651 912 4715 de
937 4649 1113 4726 Neubotle,
1138 4647 1370 4723 subdiaconus,
1397 4666 1469 4729 pre-

210 4770 356 4825 sentatus
388 4780 448 4841 per
479 4760 625 4821 Priorem
655 4768 689 4821 et
720 4766 921 4820 conventum
947 4754 989 4818 de
1016 4752 1133 4817 Lande
1159 4751 1201 4814 ad
1227 4750 1401 4815 ecclesiam
1427 4749 1470 4813 de

211 4860 460 4946 Amingworde,
476 4862 565 4925 sacta
588 4863 678 4945 prius
701 4860 916 4942 inquisitione
939 4879 998 4942 per
1013 4858 1051 4939 J.,
1072 4854 1355 4919 Archidiaconum
1384 4852 1468 4916 Nor-

212 4992 334 5001 ——u
525 4992 655 4999 —-.---
827 4992 882 4997 ...—

399 5042 406 5070 ¹
420 5040 490 5092 This
502 5041 579 5092 word
592 5041 616 5091 is
628 5038 907 5104 under-punctuated,
920 5054 953 5092 as
965 5036 1070 5104 though
1084 5036 1125 5086 ior
1137 5033 1277 5086 omission.
