3609 5642
591 558 771 655 Episcopi
792 558 1077 631 Leitcolnt'ensis.
1393 582 1460 651 321

207 796 313 865 [Alard
321 796 355 849 de
363 761 526 859 Amno‘tte,
536 795 655 851 otlaod
662 795 747 863 hythe
758 795 871 863 Bishai,
881 796 907 848 is
917 796 1062 849 instituted
1071 800 1098 849 to
1109 796 1154 849 tlte
1165 796 1264 851 riurei
1276 798 1313 865 of
1318 796 1465 865 Assordty.

270 879 435 1028 zm
456 880 493 947 os
509 897 541 931 το
564 879 659 944 marks
677 880 703 931 is
723 878 854 931 received
872 883 899 931 to
921 878 967 931 tite
986 877 1172 931 “Communes''
1195 880 1231 947 os
1247 879 1293 932 tie
1311 894 1415 933 canons
1435 879 1472 945 os

294 1050 726 1146 ASFORDBY.—Magister'
751 1062 897 1126 Alardus
928 1063 970 1127 de
1001 1062 1194 1141 Arundelle,
1224 1065 1277 1127 cui
1308 1064 1465 1127 dominus

209 1166 396 1250 Episcopus
412 1168 555 1231 contulit
569 1167 743 1230 ecclesiam
760 1166 803 1229 de
819 1167 1021 1251 Assordeby,
1037 1169 1125 1231 facta
1142 1169 1232 1250 prius
1249 1169 1463 1250 inquisitione

207 1293 266 1354 ρετ
296 1272 357 1348 W„
388 1270 673 1335 Archidiaconum
703 1271 891 1348 Leicestrie,
922 1292 981 1354 ρετ
1010 1292 1111 1354 quam
1141 1282 1212 1349 eto,
1247 1272 1289 1335 ad
1320 1271 1463 1335 eandem

207 1374 374 1438 admissus
410 1384 470 1450 est,
500 1374 601 1437 salvis
640 1396 664 1437 x
702 1375 822 1438 marcis
858 1375 1028 1439 solvendis
1067 1376 1242 1458 Preposito
1277 1376 1465 1440 Commune

209 1478 453 1542 Lincolniensis
476 1478 626 1541 Ecclesie
645 1478 688 1541 ad
709 1479 824 1541 vinum
844 1489 879 1542 et
898 1478 941 1542 ad
961 1488 1080 1556 cetera,
1101 1490 1199 1562 prout
1221 1482 1254 1542 in
1275 1490 1367 1543 carta
1388 1479 1465 1542 inde

207 1582 295 1645 facta
310 1582 507 1670 continetur
554 1581 600 1645 Et
616 1580 813 1644 mandatum
829 1591 880 1645 est
895 1581 1004 1645 eidem
1023 1582 1270 1646 Archidiacono
1287 1594 1323 1647 ut
1338 1594 1398 1647 etc.

294 1804 363 1889 [On
375 1806 429 1869 the
442 1806 535 1869 dorse
545 1804 616 1889 .·-]

207 1922 308 1986 [Elios.
321 1922 406 1974 monle
416 1922 452 1989 os
458 1921 610 1989 Daventy,
621 1922 785 1990 remoim'ng
798 1922 964 1990 impendent
977 1924 1053 1991 aster
1061 1925 1332 1985 excommunitation,
1344 1925 1470 1979 Reciord

271 2004 429 2155 dbirld‘gzq',
442 2004 593 2072 presented
612 2004 645 2071 ty
659 2004 740 2071 John
762 2004 922 2072 Sampsone,
945 2006 970 2057 is
991 2004 1128 2058 admitted
1146 2010 1173 2058 to
1195 2006 1241 2059 leis
1262 2007 1416 2077 leemitoge
1437 2010 1473 2077 os

295 2197 381 2263 Cum
409 2196 548 2279 Helyas,
574 2196 757 2260 monachus
776 2196 819 2261 de
836 2196 1029 2275 Daventria,
1048 2198 1220 2282 quondam
1239 2209 1353 2262 custos
1372 2200 1465 2263 here-

207 2301 336 2385 mitagii
361 2301 404 2365 de
429 2301 579 2379 Mirabel,
602 2311 738 2383 propter
760 2300 955 2365 manifestos
978 2322 1138 2386 excessus
1161 2323 1239 2365 suos
1261 2312 1294 2365 et
1318 2302 1467 2365 notorios

208 2406 332 2471 ibidem
356 2406 554 2469 commissos
576 2404 898 2482 excommunicatus,
921 2416 955 2469 et
978 2406 1011 2469 in
1035 2406 1386 2470 excommunicatione
1410 2427 1468 2489 per

208 2530 333 2574 annum
350 2520 384 2573 et
400 2509 544 2592 amplius
560 2509 772 2591 pertinaciter
787 2529 1002 2591 perseverans
1019 2509 1260 2592 incorrigibilis,
1274 2509 1363 2573 illinc
1378 2520 1467 2574 esset

208 2614 407 2677 auctoritate
422 2611 549 2675 domini
568 2612 810 2675 Lincolniensis
828 2612 987 2695 Episcopi
1001 2612 1156 2696 Hugonis
1168 2612 1304 2676 secundi
1320 2623 1468 2677 sentent-

210 2717 317 2782 ialiter
341 2725 483 2793 amotus,
513 2715 677 2780 Ricardus
710 2715 753 2779 de
779 2715 910 2793 Keten’‚
941 2717 1143 2800 capellanus,
1168 2726 1379 2800 presentatus
1410 2738 1469 2801 per

209 2823 399 2904 Johannem
426 2822 647 2905 Sampsonne,
671 2842 747 2885 cum
772 2823 887 2884 omnia
911 2834 1023 2886 essent
1050 2824 1083 2886 in
1114 2822 1285 2904 expedito,
1309 2821 1352 2885 ad
1378 2822 1467 2885 idem

210 2924 465 3008 heremitagium
490 2945 567 2987 cum
592 2924 800 3007 pertinentiis
827 2922 994 2988 admissus
1021 2934 1080 3002 est,
1101 2936 1135 2989 et
1161 2926 1193 2989 in
1219 2946 1260 2989 eo
1282 2935 1395 2989 custos
1419 2928 1467 2989 in-

212 3030 347 3093 stitutus
362 3029 529 3091 canonice.
576 3027 622 3090 Et
646 3025 843 3091 mandatum
864 3038 915 3091 est
937 3028 1356 3105 Roberto,Archidiacono
1377 3030 1467 3093 Leir-

212 3134 330 3197 cestrie
345 3141 391 3209 ut,
406 3141 467 3196 etc.

277 3318 420 3388 [Mem-tl

701 3387 842 3452 Ausus
866 3400 985 3451 xxnn.

213 3513 327 3580 [Robert
334 3514 369 3566 de
380 3512 545 3580 Drobtigge‚
556 3511 725 3571 nddeacon.
732 3511 881 3580 presented
888 3511 922 3579 by
933 3511 978 3565 tie
988 3511 1076 3565 Prior
1083 3511 1145 3565 ond
1155 3511 1326 3581 conventos
1342 3513 1468 3583 Tutbmy,

277 3596 379 3664 Staffs.,
392 3596 418 3648 is
427 3594 574 3648 instituted
581 3599 609 3647 to
620 3594 667 3647 tte
677 3594 777 3648 cinerei
789 3595 825 3662 os
836 3594 1061 3663 Wymondiom]

299 3705 819 3770 WYMUNDEHAM.—Robertus
828 3705 871 3768 de
885 3704 1082 3788 Drobrigge‚
1093 3706 1326 3784 subdiaconus,
1337 3727 1469 3790 presen-

212 3821 303 3875 tatus
319 3831 378 3893 ρετ
401 3810 547 3872 Priorem
571 3820 605 3873 et
628 3818 830 3872 conventum
852 3808 1137 3873 Tutesbiriensem
1163 3809 1205 3873 ad
1229 3810 1402 3874 ecclesiam
1427 3812 1470 3875 de

213 3912 488 4000 Wymundeham
519 3912 606 3976 sacta
636 3913 727 3995 prius
758 3913 973 3996 inquisitione
1004 3934 1063 3996 per
1093 3913 1155 3991 W„
1184 3914 1468 3980 Archidiaconum

214 4018 419 4094 Leircestrie,
429 4037 598 4099 perquam
609 4018 854 4106 negotiumfuit
866 4018 900 4080 in
910 4018 1080 4099 expedito,
1090 4018 1132 4081 ad
1143 4017 1284 4082 eandem
1295 4020 1469 4082 ecclesiam

213 4122 379 4186 admissus
393 4130 454 4198 est,
468 4131 502 4185 et
519 4123 552 4185 in
568 4142 608 4185 ea
622 4122 783 4185 canonice
803 4142 945 4204 persona
966 4123 1147 4186 institutus,
1209 4122 1255 4185 Et
1272 4123 1468 4188 mandatum

213 4235 264 4289 est
279 4223 389 4288 eidem
407 4224 654 4288 Archidiacono
669 4225 759 4307 quod
776 4226 886 4309 ipsum
903 4226 937 4290 in
953 4226 1159 4308 corporalem
1172 4226 1310 4291 ecclesie
1321 4226 1469 4309 predicte

214 4327 458 4411 possessionem
475 4326 620 4391 inducat.

212 4548 316 4617 [Hugh
338 4548 371 4602 de
397 4549 643 4617 Woterebergltive,
664 4548 801 4617 ciaploin,
814 4548 964 4618 presented
982 4550 1016 4617 by
1039 4550 1085 4602 tite
1106 4549 1195 4602 Peior
1213 4550 1274 4603 and
1295 4551 1475 4620 Consentes

281 4630 434 4695 Cleacomde,
448 4631 618 4696 Nasidianis..
631 4632 657 4684 is
669 4631 814 4684 instituted
827 4633 908 4684 udor
922 4632 958 4699 os
964 4630 1055 4700 Ddlby
1065 4630 1186 4700 Magna.
1224 4632 1251 4683 T
1246 4633 1280 4687 ie
1297 4634 1429 4702 vi'carage
1445 4636 1470 4686 is

277 4712 435 4779 aesinae]

302 4815 598 4900 DANnv.—Hugo
628 4816 671 4880 de
702 4817 1005 4899 Watereberghive‚
1030 4817 1230 4900 capellanus
1260 4828 1469 4902 presentatus

214 4941 274 5003 per
289 4920 437 4984 Priorem
457 4930 490 4984 et
510 4931 712 4984 conventum
733 4921 776 4984 de
796 4921 1013 4986 Chaucumbe
1033 4921 1075 4985 ad
1096 4922 1252 4985 vicariam
1272 4922 1410 4985 ecclesie
1425 4922 1468 4985 de

215 5023 340 5105 Dauby
356 5022 580 5101 Chaucumbe,
597 5024 683 5087 sacta
699 5025 790 5107 prius
806 5025 1020 5108 inquisitione
1033 5030 1095 5107 ’ρετ
1111 5025 1172 5102 W„
1184 5024 1466 5090 Archidiaconum

278 5132 349 5183 Vos.
363 5131 398 5185 ll.
1384 5146 1404 5185 u
