3609 5642
342 573 410 645 174
691 550 827 624 Rotnlz'
840 549 1019 647 Hngone's
1045 550 1089 623 de
1115 548 1248 623 Welles

334 792 540 877 hamptonie,
556 812 740 874 perquam,
755 800 826 867 etc,
841 790 884 854 ad
900 790 1043 854 eandem
1060 788 1233 853 ecclesiam
1250 788 1416 852 admissus
1436 798 1497 865 est,
1512 798 1594 863 etc.;

336 897 429 960 salva
451 897 530 960 inde
549 895 647 959 dictis
674 895 777 957 Priori
802 903 836 957 et
862 894 1040 956 conventui
1066 893 1180 957 debita
1204 901 1238 955 et
1263 893 1401 975 antiqua
1429 893 1596 974 pensione

338 1001 384 1064 Et
401 1000 597 1064 mandatum
613 1009 665 1063 est
679 998 788 1062 eidem
806 998 1055 1061 Archidiacono
1070 1008 1116 1074 ut,
1131 1006 1192 1061 etc.

335 1277 432 1356 [Peter
441 1286 542 1350 Rebas,
554 1285 724 1346 numm,
729 1284 880 1354 presented
895 1284 929 1352 by
941 1284 1023 1336 Peter
1032 1283 1126 1335 Ratae
1136 1283 1181 1336 lu's
1189 1282 1295 1351 father,
1308 1284 1333 1335 is
1349 1283 1495 1337 instituted
1510 1289 1538 1337 to
1556 1284 1600 1336 the

401 1368 502 1421 cnurclt
514 1369 549 1436 os
560 1366 733 1433 Maeilwell.]

424 1479 868 1543 MAYDEWELLE.-Petrus
894 1478 1018 1553 Rabaz,
1037 1476 1270 1555 subdiaconus,
1301 1486 1512 1560 presentatus
1543 1498 1600 1560 per

337 1587 473 1649 Petrum
495 1585 610 1649 Rabaz
629 1596 756 1668 patrem
782 1605 888 1661 suum,
909 1584 952 1647 ad
971 1583 1145 1646 ecclesiam
1167 1582 1256 1646 beati
1287 1584 1374 1647 Petri
1390 1582 1433 1647 de
1460 1582 1599 1666 Mayde-

335 1689 437 1767 welle,
455 1690 543 1753 facta
559 1690 649 1771 prius
662 1689 876 1771 inquisitione
892 1709 951 1770 per
965 1688 1003 1749 R.
1014 1686 1096 1770 [sic],
1111 1686 1394 1749 Archidiaconum
1409 1686 1440 1748 N
1443 1689 1599 1769 orhamp·

336 1794 437 1870 tonie‚
456 1814 513 1874 per
536 1813 646 1874 quam,
662 1802 733 1868 etc,
748 1792 791 1854 ad
815 1790 957 1853 eandem
982 1790 1156 1853 ecclesiam
1180 1789 1346 1853 admissus
1369 1800 1429 1866 est,
1445 1800 1507 1854 etc.
1557 1790 1599 1853 Et

340 1897 537 1961 mandatum
554 1907 605 1961 est
620 1897 729 1960 eidem
746 1896 837 1978 (over
850 1895 956 1957 witich
976 1895 1006 1957 is
1020 1895 1152 1957 written
1172 1895 1334 1977 Johanni)
1350 1894 1600 1958 Archidiacono

338 2012 384 2079 ut,
400 2012 462 2065 etc.
507 2000 564 2084 [In
580 2000 632 2063 tlte
648 1999 779 2081 margin
790 1998 860 2081 .·—]
877 1998 1010 2061 Desunt
1027 1998 1135 2061 littere
1151 1999 1415 2080 presentationis

903 2170 1034 2181 —.—-

335 2287 443 2356 [Ralpie
460 2287 495 2340 de
514 2287 651 2340 Neruico.
666 2284 816 2352 presented
832 2285 866 2352 by
888 2283 934 2336 tlte
953 2284 1043 2336 Attot
1062 2284 1122 2337 nnd
1142 2284 1268 2338 Conuent
1288 2285 1324 2352 of
1335 2284 1551 2352 Peterborougtr,
1575 2284 1599 2335 is

398 2369 544 2423 instituted
551 2374 579 2421 to
590 2369 635 2421 tite
645 2366 746 2421 citurch
757 2368 793 2435 os
804 2366 970 2435 Sternunt]

424 2478 875 2546 STANWIGGE.-Radulsus
897 2478 941 2542 de
966 2479 1120 2541 Norwico
1143 2436 1288 2561 [blank]‚'
1300 2486 1512 2561 presentatus
1540 2497 1599 2559 per

336 2585 506 2648 Abbatem
532 2594 566 2649 et
590 2593 793 2648 conventum
821 2582 863 2645 de
892 2584 1004 2665 Burgo
1031 2582 1146 2647 Sancti
1175 2582 1263 2645 Petri
1288 2579 1330 2644 ad
1355 2579 1531 2644 ecclesiam
1555 2579 1598 2642 de

334 2690 536 2772 Stanwigge,
561 2688 649 2751 sacta
673 2688 764 2770 prius
796 2688 1010 2769 inquisitione
1041 2708 1099 2770 per
1124 2687 1163 2768 J.,
1191 2686 1478 2749 Archidiaconum
1512 2684 1596 2747 Nor-

335 2793 540 2876 hamptonie,
557 2812 615 2874 per
632 2812 744 2873 quam,
758 2799 830 2868 etc,
845 2790 888 2853 ad
912 2791 1054 2854 eandem
1079 2791 1141 2853 sub
1164 2810 1251 2873 pena
1267 2789 1406 2854 Concilii
1430 2788 1597 2852 admissus

334 2907 394 2973 est,
416 2905 478 2961 etc.
526 2897 571 2959 Et
594 2895 792 2959 mandatum
815 2905 866 2958 est
888 2894 997 2959 eidem
1024 2894 1271 2958 Archidiacono
1295 2904 1339 2970 ut,
1355 2904 1416 2957 etc.
1465 2892 1597 2956 Dedis-

337 3002 532 3084 pensatione
547 3010 660 3064 autem
677 3020 738 3062 sua
753 2999 895 3062 habetur
909 3020 929 3061 a
945 3008 1040 3080 tergo
1055 3020 1100 3062 ex
1117 3008 1211 3081 parte
1227 2998 1390 3081 opposita

334 3286 476 3355 [William
487 3286 521 3339 de
529 3285 687 3353 [e'nrteseya¹
695 3286 803 3347 deamn.
808 3284 957 3352 ¹tresented
966 3285 1052 3353 hythe
1061 3285 1213 3337 Peiorand
1222 3285 1348 3339 Convent
1355 3285 1434 3352 ofSt.
1443 3284 1596 3343 Andrew’s.

403 3367 617 3436 Nortkampten,
637 3369 662 3419 is
684 3368 830 3420 instituted
847 3372 873 3420 to
891 3367 938 3420 tlte
955 3367 1055 3420 clmrctt
1073 3368 1109 3435 of
1123 3367 1162 3420 St.
1181 3366 1477 3435 Mansuete-Caute,
1496 3366 1598 3420 North-

402 3452 539 3518 amptum]

422 3562 547 3643 Juxm
564 3560 746 3625 Cssmun
764 3560 1322 3625 Nonnnnmours-Willelmus
1337 3559 1380 3623 de
1398 3558 1595 3641 Lindeseya

336 3666 506 3739 diaconus,
537 3674 747 3747 presentatus
777 3684 837 3746 per
867 3664 1014 3727 Priorem
1038 3675 1072 3727 et
1095 3674 1297 3727 conventum
1322 3663 1437 3728 Sancti
1464 3663 1599 3726 Androe

337 3769 606 3851 Norhamptonie
636 3768 679 3832 ad
709 3767 884 3831 ecclesiam
918 3767 1042 3832 Sancte
1074 3767 1180 3830 Marie
1208 3766 1308 3847 juxta
1337 3776 1484 3829 castrum
1514 3766 1598 3828 Nor-

337 3873 542 3956 hamptonie,
569 3872 657 3935 sacta
684 3872 775 3954 prius
805 3872 1020 3953 inquisitione
1050 3891 1109 3953 per
1132 3871 1171 3953 J.,
1196 3870 1481 3934 Archidiaconum
1515 3869 1598 3933 Nor-

334 3977 540 4059 hamptonie‚
569 3996 627 4057 per
658 3995 769 4057 quam,
795 3984 866 4051 etc,
893 3974 936 4037 ad
968 3974 1111 4037 eandem
1139 3974 1314 4037 ecclesiam
1348 3972 1513 4036 admissus
1539 3984 1599 4047 est,

334 4091 397 4145 etc.
443 4080 552 4145 Salvis
579 4080 657 4143 inde
688 4080 804 4161 viginti
831 4078 946 4142 solidis
977 4078 1096 4141 annuis
1124 4078 1295 4141 monachis
1321 4077 1478 4160 predictis
1510 4096 1595 4159 quos

335 4183 510 4249 exdudum
535 4204 580 4246 ex
607 4204 648 4245 ea
674 4184 843 4265 percipere
867 4191 1118 4257 consueverunt,
1145 4192 1179 4245 et
1205 4202 1254 4243 xx
1282 4180 1395 4244 solidis
1421 4200 1465 4243 ex
1491 4180 1600 4262 gratia

336 4287 464 4351 domini
489 4286 648 4369 Episcopi
674 4286 717 4349 H.
735 4285 881 4363 secundi,
899 4286 1066 4348 concessis
1089 4284 1215 4349 eisdem
1241 4284 1421 4359 monachis,
1437 4282 1598 4365 quamdiu

334 4391 444 4455 eidem
469 4390 608 4453 domino
638 4390 808 4472 placuerit,
833 4389 1062 4471 percipiendis,
1110 4390 1154 4451 Et
1187 4387 1383 4452 mandatum
1408 4396 1459 4449 est
1484 4387 1596 4451 eidem

337 4494 586 4559 Archidiacono
602 4504 648 4570 ut,
662 4503 724 4557 etc.

334 4707 477 4773 [Wllinm
495 4707 530 4759 de
547 4705 709 4773 Sydeltame.
727 4704 1030 4772 captennacum
1049 4704 1082 4770 by
1104 4704 1150 4757 tlte
1172 4704 1258 4757 Prien
1277 4703 1338 4756 and
1358 4704 1484 4757 Convent
1505 4704 1542 4771 of
1558 4704 1599 4757 St.

401 4788 556 4849 Andrew's.
568 4787 782 4854 Northampton,
795 4788 820 4838 is
827 4785 974 4838 instituted
982 4786 1063 4837 vicar
1071 4786 1107 4852 of
1112 4784 1344 4853 Hardtiegstone]

424 4896 1009 4961 HARD10ETHORNE.-Willelmus
1029 4896 1071 4958 de
1089 4896 1289 4978 Sydehame‚
1305 4896 1507 4978 capellanus
1526 4917 1599 4979 pre·

337 5012 488 5067 sentatus
512 5022 569 5084 per
592 5002 736 5064 Priorem
760 5013 794 5063 et
815 5011 1017 5063 conventum
1039 4999 1153 5064 Sancti
1177 4999 1312 5063 Andree
1331 4997 1600 5083 Norhamptonie
