3609 5642
598 535 774 632 Episcopi
796 536 1083 609 Lr'ncolnr‘ensis.
1417 541 1459 610 81

201 769 317 838 [Ptrr'tip
326 769 361 823 de
372 770 544 834 Limuntone,
557 771 695 838 ctraplar'n,
706 787 743 825 on
754 772 800 824 the
806 772 995 839 presentation
1007 772 1043 839 of
1057 771 1184 840 Geoffrey
1194 771 1228 825 de
1244 773 1334 830 Kane.
1346 774 1371 826 is
1386 775 1465 826 iristi-

268 854 348 906 tuted
363 859 391 906 to
410 853 455 906 tlte
472 854 573 907 cturct
592 855 628 922 of
644 854 784 921 Simpson.
830 854 876 907 He
895 856 921 906 is
938 860 966 906 to
988 854 1076 906 reside
1098 853 1158 906 and
1177 854 1309 908 daneon
1332 857 1480 910 assr'stant·

269 935 420 1004 chaplae'n]

292 1055 789 1139 SIWINESTONE.-Philippus
812 1056 854 1120 de
879 1057 1093 1132 Limuntone,
1109 1057 1311 1139 capellanus,
1332 1078 1465 1139 presen-

202 1169 294 1220 tatus
310 1179 368 1241 per
384 1158 571 1222 Galfridum
587 1159 630 1223 de
648 1159 744 1223 Kauz
760 1161 803 1223 ad
827 1160 1002 1224 ecclesiam
1020 1161 1251 1238 Siwinestone‚
1267 1161 1357 1224 sacta
1374 1163 1466 1243 prius

204 1263 417 1344 inquisitione
432 1284 492 1345 per
517 1264 570 1340 M,
595 1263 878 1327 Archidiaconum
905 1263 1258 1346 Bukinghamiensem,
1275 1285 1464 1348 perquam,

202 1377 275 1442 etc,
290 1366 333 1429 ad
349 1366 491 1430 eandem
507 1367 673 1430 admissus
689 1377 748 1443 est,
763 1377 834 1443 etc,
850 1387 926 1430 curn
943 1387 1044 1430 onere
1060 1367 1227 1431 residendi
1245 1369 1464 1449 personaliter

204 1471 236 1533 in
261 1469 391 1546 eadem,
406 1481 439 1533 et
463 1470 607 1533 habendi
624 1471 833 1552 capellanum
858 1470 1016 1533 idoneum
1032 1491 1145 1534 secum
1168 1473 1325 1535 continue
1351 1471 1464 1534 minis-

205 1583 361 1637 trantem.
408 1574 454 1637 Et
470 1574 666 1638 mandatum
683 1585 734 1638 est
750 1575 841 1637 dicto
859 1574 1108 1638 Archidiacono
1124 1585 1169 1650 ut,
1184 1583 1246 1638 ete.

204 1777 249 1842 [T
245 1778 343 1830 homos
352 1777 386 1830 de
400 1778 529 1841 Verdune,
543 1778 712 1838 subdeacon,
718 1777 868 1846 presented
875 1778 910 1846 by
917 1778 1052 1834 Nr‘cttolos
1061 1778 1095 1831 de
1108 1777 1238 1839 Verdune,
1251 1779 1277 1830 is
1287 1779 1432 1832 instituted
1440 1784 1467 1832 to

271 1860 317 1912 the
327 1859 427 1912 churctt
439 1861 475 1928 os
481 1860 628 1913 Famham
641 1860 737 1929 Royat.
772 1859 818 1913 He
828 1861 853 1913 is
864 1866 891 1913 to
901 1861 1000 1914 attend
1008 1861 1053 1914 tlte
1062 1861 1168 1913 schootr
1177 1860 1239 1912 ond
1246 1865 1273 1913 to
1284 1860 1384 1930 study]

295 1979 322 2042 F
325 1980 693 2044 ERNHAM.-Thomas
720 1981 762 2044 de
790 1980 959 2057 Verdune,
989 1980 1224 2057 subdiaconus,
1254 1991 1466 2062 presentatus

205 2103 265 2166 per
283 2084 313 2147 N
318 2083 484 2146 ieholaum
500 2082 543 2148 de
560 2084 719 2148 Verdune
735 2084 778 2147 ad
802 2085 978 2148 ecclesiam
995 2085 1038 2148 de
1062 2084 1251 2148 Fernhame
1274 2095 1461 2162 vacantem,

206 2187 295 2251 sacta
311 2189 402 2271 prius
419 2189 632 2270 inquisitione
648 2210 706 2271 per
730 2189 786 2267 M,
802 2188 1088 2252 Archidiaconum
1114 2187 1467 2272 Bukinghamiensem,

206 2311 266 2374 per
292 2311 403 2373 quam,
426 2301 497 2368 etc,
521 2291 564 2355 ad
587 2292 730 2356 eandem
754 2292 920 2355 admissus
936 2302 996 2368 est,
1012 2301 1073 2354 etc.
1121 2292 1167 2356 Et
1190 2291 1386 2355 mandatum
1414 2303 1465 2356 est

205 2395 316 2458 eidem
335 2394 581 2458 Archidiacono
604 2405 649 2472 ut,
671 2405 732 2458 etc.
782 2394 974 2476 lnjunctum
1001 2404 1052 2459 est
1075 2395 1222 2458 admisso
1246 2395 1335 2476 quod
1359 2395 1466 2458 scolas

207 2498 397 2580 frequentet
411 2508 446 2562 et
462 2498 621 2562 addiscat

207 2684 299 2754 [John
321 2683 355 2737 de
376 2684 541 2748 Blamuike,
561 2683 729 2748 suideacon,
745 2685 894 2752 presented
914 2685 947 2753 by
964 2684 1058 2753 Ralptr
1077 2684 1111 2737 de
1131 2683 1262 2752 Greseley,
1279 2684 1305 2736 is
1326 2685 1471 2738 imtituted

273 2772 300 2821 to
311 2768 357 2821 the
367 2767 468 2821 churcte
479 2767 516 2835 of
528 2767 638 2820 Middle
652 2767 781 2835 Claydon,
795 2767 865 2820 reith
876 2767 923 2821 tlte
933 2767 1039 2820 turden
1055 2766 1147 2819 wht'clr
1163 2767 1278 2835 belongs
1293 2771 1320 2818 to
1336 2781 1367 2819 so
1382 2767 1470 2820 small

273 2849 438 2918 oberreſsce]

296 2969 424 3031 PARVA
455 2967 887 3050 CLAYDONE.—Johannes
925 2968 968 3032 de
1003 2968 1195 3045 Blarewike,
1231 2967 1465 3046 subdiaconus,

207 3082 418 3156 presentatus
434 3093 492 3155 per
509 3072 725 3154 Radulphum
742 3073 785 3136 de
808 3073 976 3154 Greseley,
1000 3072 1149 3148 militem,
1168 3071 1211 3135 ad
1227 3072 1400 3136 ecclesiam
1424 3074 1467 3137 de

209 3177 316 3240 Parva
338 3175 545 3258 Clayndone,
562 3177 650 3239 saeta
672 3177 763 3257 prius
787 3177 1001 3258 inquisitione
1024 3196 1083 3259 per
1107 3175 1162 3251 M,
1179 3175 1464 3240 Archidiaconum

208 3279 560 3361 Bukinghamiensem,
584 3300 642 3360 per
665 3299 775 3361 quarn,
798 3289 869 3357 etc,
884 3279 927 3342 ad
951 3279 1092 3342 eandem
1117 3278 1282 3341 admissus
1304 3290 1374 3357 est,
1390 3301 1466 3343 cunr

206 3405 309 3447 onere
328 3384 417 3466 quod
441 3382 483 3446 ad
507 3383 675 3446 tantillum
700 3383 898 3446 beneficium
923 3384 1076 3465 pertinet,
1091 3392 1152 3445 etc.
1200 3382 1245 3446 Et
1269 3383 1465 3447 mandatum

208 3498 260 3552 est
276 3488 367 3550 dicto
384 3487 632 3550 Archldiacono
648 3496 693 3564 ut,
709 3497 769 3550 etc.

208 3682 352 3751 [Wittiam
369 3681 528 3751 HarangeS,
542 3682 680 3750 chaplain,
693 3682 843 3750 presented
856 3682 889 3750 by
909 3682 1034 3750 Geoffrey
1049 3682 1084 3734 de
1100 3681 1227 3744 Luctone,
1240 3683 1265 3734 is
1281 3683 1427 3736 eirstr'tuted
1441 3689 1469 3736 to

274 3764 320 3817 tlre
330 3765 431 3818 churctr
442 3765 478 3833 of
484 3765 567 3818 Little
578 3765 748 3834 leugtrton]

298 3877 425 3940 PARVA
433 3877 838 3941 LUTONE.-Willelrnus
851 3877 1036 3959 Haranges,
1048 3875 1248 3958 capellanus,
1256 3887 1467 3958 presentatus

208 4001 268 4063 per
284 3981 471 4046 Galfridum
494 3981 537 4044 de
561 3981 713 4045 Luctone
729 3982 771 4045 ad
794 3981 969 4044 ecclesiam
994 3980 1036 4043 de
1060 3980 1167 4043 Parva
1191 3980 1352 4058 Luctone,
1376 3981 1465 4046 facta

208 4086 298 4166 prius
323 4085 536 4166 inquisitione
560 4106 618 4167 per
643 4086 697 4162 M,
721 4085 1004 4149 Archidiaconum
1031 4083 1383 4166 Bukinglramiensem,
1407 4107 1467 4168 per

208 4209 322 4270 quam,
337 4198 407 4265 etc,
424 4188 466 4252 ad
483 4189 624 4253 eandem
642 4189 806 4252 admissus
822 4199 881 4266 est,
897 4199 968 4264 etc,
983 4208 1059 4251 curn
1076 4207 1176 4250 onere
1195 4197 1229 4251 et
1249 4208 1335 4271 pena
1351 4189 1467 4252 vicari-

208 4312 314 4355 orum.
361 4292 406 4356 Et
423 4292 619 4356 mandatum
635 4303 687 4356 est
702 4292 793 4356 dicto
811 4292 1058 4357 Archidiacono
1075 4300 1119 4367 ut,
1135 4300 1196 4354 etc.

209 4494 323 4563 [Hemy
333 4494 367 4547 de
378 4494 472 4558 Beche,
485 4512 522 4548 on
533 4496 579 4549 the
589 4497 779 4564 presentation
796 4498 832 4565 of
843 4497 888 4549 the
905 4496 993 4548 Prior
1006 4493 1068 4546 ond
1084 4494 1210 4547 Convent
1224 4496 1260 4553 of
1273 4494 1430 4559 Cumbwell,
1444 4497 1469 4549 is

274 4577 421 4630 irtrn'tuted
436 4582 463 4631 to
480 4577 525 4630 tlte
541 4578 641 4630 church
660 4579 697 4646 of
709 4579 793 4632 Little
815 4579 961 4632 Woolston.
995 4576 1041 4628 He
1057 4576 1110 4628 tras
1127 4593 1166 4628 an
1185 4576 1350 4644 rodulgence
1367 4581 1399 4646 ο]
1417 4594 1469 4630 one

268 4675 341 4728 year
350 4665 378 4712 to
387 4659 484 4712 attend
493 4660 538 4712 the
548 4660 652 4714 schools
662 4661 723 4712 arrd
731 4662 756 4712 is
767 4661 832 4713 then
844 4664 871 4712 to
882 4660 912 4711 be
922 4657 1173 4724 ordainedpn'est]

298 4780 427 4842 PARVA
439 4779 913 4844 WOLSISTONE.—Henricus
923 4779 966 4841 de
979 4777 1088 4840 Beche
1104 4776 1246 4860 [blank],
1258 4788 1468 4859 presentatus

208 4902 268 4965 per
284 4883 432 4946 Priorem
448 4892 483 4946 et
506 4894 707 4947 conventum
732 4883 775 4947 de
796 4882 1021 4948 Cumbewelle
1043 4880 1086 4944 ad
1107 4881 1281 4944 ecclesiam
1298 4881 1341 4944 de
1361 4883 1468 4946 Parva

209 4987 402 5062 Wlsistone,
418 4985 506 5051 lacta
522 4988 612 5068 prius
629 4988 842 5072 inquisitione
862 5008 921 5069 per
937 4987 992 5063 M,
1011 4984 1293 5048 Archidiaconum
1317 4985 1465 5068 Buking-

275 5095 346 5152 Vot.
360 5093 396 5148 11.
1386 5107 1406 5149 o
