3609 5642
292 537 335 602 16
403 579 405 583 v
645 529 781 603 Rotuli
805 529 983 626 Hagonis
1009 529 1052 602 de
1087 528 1219 602 Welles

285 681 460 688 ..η-ψ
631 682 770 688 ——-—.
799 682 921 687 —--——
946 682 1000 687 -.-
1020 681 1195 688 .--.,-..-..,-..
1218 682 1323 687 -...-
1348 683 1428 688 .---
1466 685 1538 690 .-,,,,-

282 765 426 835 [William
442 765 477 819 de
496 765 635 830 (nithred,
652 764 820 829 suhdeacon,
834 764 986 834 presented
997 765 1031 832 by
1048 764 1134 818 Peter
1147 763 1347 829 Feta-Heriem,
1360 766 1385 818 is
1399 767 1545 820 instituted

342 851 449 916 parson
461 853 492 916 os
504 848 543 902 st.
550 846 657 914 sohn’s,
671 847 787 915 Orford,
800 848 830 900 in
842 848 991 900 succession
1002 851 1029 899 to
1034 846 1113 913 John
1125 846 1234 915 Rnffus,
1245 847 1391 900 instituted
1393 852 1500 915 parson
1511 849 1547 917 of

346 929 463 997 Inhpen,
488 929 584 983 Beris.
624 928 681 981 The
697 931 861 997 personage
883 931 998 982 consiste
1019 930 1055 998 os
1066 946 1103 982 es.
1126 945 1145 981 a
1162 946 1238 998 year,
1250 931 1328 998 paid
1346 930 1440 997 hythe
1456 932 1539 996 viram

347 1011 474 1065 Richard
482 1011 516 1065 de
529 1011 643 1079 Culum]

370 1124 402 1189 S.
433 1122 668 1206 JOH[ANNIS],
700 1122 1033 1204 Oxou-Magister
1065 1121 1252 1185 Willelmus
1282 1121 1324 1185 de
1362 1121 1538 1200 Cnithun',¹

282 1225 515 1302 subdiaconus
531 1235 742 1308 presentatus
758 1247 816 1308 per
833 1227 969 1288 Petrum
986 1224 1091 1288 filium
1111 1225 1288 1289 Hereberti
1304 1224 1348 1288 ad
1363 1226 1538 1291 ecclesiam

281 1331 370 1395 beati
395 1331 559 1413 Johannis
583 1330 706 1407 Oxon’,
722 1329 810 1394 facta
834 1331 925 1412 prius
949 1330 1162 1412 inquisitione
1192 1350 1252 1412 per
1283 1329 1333 1407 A,
1364 1330 1539 1395 Archidia-

281 1455 403 1499 conum
432 1434 555 1512 Oxon’,
577 1444 612 1498 et
634 1434 773 1498 domino
796 1432 1083 1517 Sarr[esbiriensi]
1113 1433 1306 1498 litteratorie
1330 1433 1539 1517 significante

280 1537 371 1620 quod
393 1538 583 1621 Johannem
609 1537 746 1602 Rullum
767 1537 939 1620 quondam
961 1538 1112 1620 ejusdem
1134 1539 1273 1603 ecclesie
1296 1559 1472 1622 personam
1496 1539 1538 1603 ad

279 1643 454 1706 ecclesiam
477 1643 520 1707 de
545 1643 713 1726 lngepen',
737 1643 789 1706 cui
813 1663 892 1705 cura
916 1643 1103 1707 animarum
1127 1663 1262 1706 annexa
1276 1652 1337 1718 est,
1353 1653 1430 1726 post
1451 1643 1538 1708 Con-

279 1745 391 1809 cilium
415 1745 596 1812 admiserat
619 1757 653 1810 et
676 1747 873 1822 instituerat,
890 1766 1029 1830 perque
1049 1747 1235 1829 negocium,
1250 1756 1320 1822 etc,
1336 1746 1379 1809 ad
1395 1746 1537 1810 eandem

279 1847 444 1913 admissus
459 1861 512 1915 est
526 1861 560 1915 et
575 1851 608 1914 in
625 1870 666 1914 ea
680 1849 840 1913 canonice
856 1869 999 1932 persona
1022 1850 1202 1924 institutus,
1219 1850 1311 1913 salva
1335 1849 1480 1913 Ricardo
1495 1849 1538 1914 de

280 1952 424 2037 Culu[n]
446 1955 567 2018 vicaria
582 1975 643 2019 sua
666 1955 698 2017 in
722 1952 851 2029 eadem,
866 1954 923 2037 qui
949 1962 1054 2017 totam
1073 1954 1179 2036 ipsam
1203 1953 1378 2016 ecclesiam
1402 1955 1537 2019 nomine

279 2057 400 2120 vicarie
426 2077 485 2121 sue
511 2057 748 2140 quoadvixerit
778 2055 915 2133 tenebit,
946 2055 1118 2122 reddendo
1148 2056 1226 2120 inde
1255 2055 1346 2121 dicto
1376 2057 1428 2120 W.
1451 2057 1537 2121 duos

279 2160 404 2225 solidos
419 2181 549 2226 annuos
565 2162 700 2224 nomine
717 2159 894 2243 pensionis.

279 2360 415 2429 [Thomas
425 2360 459 2414 de
469 2361 572 2425 Simili,
586 2360 693 2430 acolyte,
707 2359 856 2430 presented
866 2359 898 2428 hy
915 2360 1034 2413 Thomas
1045 2360 1079 2413 de
1090 2361 1221 2424 Ardeme,
1234 2362 1343 2430 horphi,
1356 2364 1381 2416 is
1392 2364 1539 2417 instituted

337 2445 444 2509 parson
467 2441 503 2509 of
520 2441 654 2510 Dromon,
679 2459 746 2496 mar
768 2441 910 2510 Banbary.
950 2441 997 2496 He
1012 2444 1038 2524 is
1054 2448 1081 2496 to
1097 2443 1194 2496 attend
1213 2444 1259 2497 the
1279 2445 1390 2507 schavis,
1409 2445 1470 2498 and
1491 2444 1536 2499 the

343 2523 449 2592 Bishop
464 2524 528 2577 will
537 2524 637 2578 ardain
648 2543 666 2578 a
677 2525 828 2593 vr'caragel

366 2642 769 2708 DRAYTON'.—Thomas
799 2643 841 2706 de
872 2644 990 2721 Simili,
1026 2646 1194 2723 accolitus,
1234 2656 1443 2729 presentatus
1477 2668 1536 2730 per

277 2747 445 2814 Thomam
476 2749 519 2812 de
543 2748 705 2826 Arderne,
730 2752 879 2828 militem,
909 2750 952 2814 ad
978 2751 1152 2815 ecclesiam
1177 2750 1220 2813 de
1252 2752 1421 2828 Dreitone,
1448 2751 1536 2815 facta

278 2853 369 2934 prius
384 2853 587 2934 inquisitone
603 2874 662 2936 per
685 2853 737 2931 Α.,
753 2853 1049 2931 Archidiaconum,
1066 2875 1124 2936 per
1147 2874 1258 2936 quam,
1272 2864 1344 2931 etc,
1367 2855 1534 2918 admissus

277 2965 330 3019 est
343 2965 378 3019 et
395 2957 427 3020 in
444 2977 484 3022 ea
499 2959 659 3021 canonice
674 2977 816 3040 persona
832 2960 1005 3023 institutus
1020 2980 1027 3035 ;
1045 2959 1093 3023 ita
1108 2958 1198 3041 quod
1215 2959 1323 3022 scolas
1347 2958 1534 3041 frequentet

276 3069 310 3123 et
344 3060 506 3140 addiscat,
528 3062 620 3126 salva
650 3065 854 3146 competenti
886 3065 1009 3131 vicaria
1040 3083 1099 3146 per
1129 3062 1303 3126 dominum
1329 3063 1535 3146 Episcopum

276 3163 336 3227 ord
344 3163 498 3250 [inanda]
526 3167 560 3230 in
576 3165 703 3231 eadem.
749 3167 795 3230 Et
812 3167 1001 3250 injunctum
1017 3176 1069 3232 est
1085 3167 1333 3230 Archidiacono
1349 3177 1394 3244 ut,
1409 3178 1470 3232 etc

276 3367 410 3435 [Godard
428 3367 566 3434 chapiae'n,
579 3369 727 3435 presented
741 3370 774 3437 by
794 3369 915 3422 Thomas
929 3369 964 3422 de
984 3368 1086 3430 Simili,
1099 3371 1207 3435 parson
1224 3367 1259 3435 os
1274 3367 1408 3437 Drayton,
1420 3369 1446 3422 is
1457 3369 1536 3423 insti-

341 3450 421 3504 tuted
429 3450 509 3503 vicar
518 3450 554 3517 of
561 3449 696 3518 Drayton.
734 3451 790 3504 The
798 3455 907 3520 parson
924 3453 949 3504 is
965 3457 992 3504 to
1008 3451 1111 3504 receive
1123 3467 1143 3516 3
1160 3449 1255 3502 marks
1270 3466 1288 3502 a
1304 3465 1381 3517 year,
1395 3449 1441 3504 the
1458 3452 1538 3504 vicar

341 3532 384 3584 all
394 3533 440 3585 the
450 3531 550 3599 restas
556 3531 601 3585 the
613 3532 714 3601 living.
749 3533 784 3602 Is
790 3534 836 3586 the
851 3534 984 3601 vicarage
1000 3533 1117 3585 becomes
1136 3537 1239 3585 vaaent
1252 3532 1277 3583 it
1291 3533 1316 3583 is
1332 3537 1360 3584 to
1376 3532 1407 3584 ie
1423 3534 1536 3586 consoli·

341 3613 426 3666 dated
434 3612 504 3665 with
515 3612 560 3666 the
571 3612 690 3682 Rectory,
699 3614 841 3680 provided
854 3614 975 3667 Thomas
986 3615 1037 3667 has
1047 3613 1178 3667 athnded
1186 3614 1233 3667 the
1243 3614 1348 3667 schavis
1358 3614 1419 3667 and
1427 3614 1538 3667 stvdred
1586 3631 1589 3639 ·

335 3693 488 3762 properly]

364 3811 526 3898 susten]
552 3813 754 3900 V1can]1n],
770 3829 820 3878 oa
845 3815 1284 3892 bristout-Gadaum,
1310 3817 1536 3899 cappellanus,

277 3926 488 4000 presentatus
504 3936 563 3999 per
577 3917 744 3981 Thomam
762 3918 805 3983 de
829 3919 947 3995 Simili,
963 3940 1140 4003 personam
1164 3919 1302 3983 ecclesie
1316 3919 1359 3984 de
1376 3921 1535 3998 Dreiton',

276 4019 319 4084 de
335 4040 499 4084 consensu
523 4021 655 4085 Thome
677 4021 720 4086 de
743 4023 885 4087 Ardem’
910 4024 1043 4106 patroni
1057 4023 1206 4105 ejusdem
1231 4024 1378 4104 ecclesie,
1394 4023 1437 4087 ad
1462 4045 1534 4107 per-

276 4134 414 4209 petuam
442 4125 597 4188 vicariam
623 4127 746 4191 ibidem
775 4149 794 4191 a
819 4129 959 4192 domino
982 4129 1151 4211 Episcopo
1175 4128 1373 4206 ordinatam,
1392 4129 1434 4193 ad
1458 4151 1533 4194 eam

276 4229 442 4293 admissus
457 4239 509 4292 est
530 4239 566 4292 et
588 4231 621 4293 in
644 4251 685 4294 ea
707 4233 848 4295 vicarius
872 4243 1055 4315 perpetuus
1078 4232 1249 4296 institutus
1274 4255 1351 4296 cum
1376 4253 1477 4298 onere
1498 4244 1534 4298 et

276 4352 363 4416 pena
386 4333 591 4409 vicariorum,
615 4334 670 4415 qui
695 4343 801 4398 totam
826 4336 933 4418 ipsam
965 4337 1139 4401 ecclesiam
1163 4337 1300 4400 nomine
1330 4338 1451 4402 vicarie
1474 4358 1533 4401 sue

275 4435 510 4519 quoadvixerit
548 4437 683 4515 tenebit,
714 4437 885 4502 reddendo
923 4439 1002 4503 inde
1035 4440 1126 4504 dicto
1160 4441 1292 4505 Thorne
1323 4462 1463 4524 persone
1499 4452 1534 4506 et

276 4542 520 4605 successoribus
536 4542 604 4605 suis
620 4552 687 4606 tres
711 4564 838 4606 marcas
855 4563 984 4607 annuas
1007 4547 1142 4608 nomine
1165 4546 1342 4628 pensionis.
1389 4545 1532 4610 Ordina-

276 4656 348 4710 tum
378 4655 430 4709 est
461 4655 572 4709 autem
604 4646 694 4728 quod
724 4648 762 4724 si,
792 4649 925 4712 vivente
955 4647 1046 4711 dicto
1076 4649 1209 4712 Thoma
1233 4669 1384 4732 persona,
1411 4652 1533 4715 vicaria

279 4749 428 4833 predicta
454 4751 629 4828 vacaverit,
651 4761 685 4815 et
709 4751 797 4816 idem
821 4753 954 4816 interim
978 4753 1085 4816 scolas
1107 4753 1366 4835 frequentaverit
1388 4764 1423 4818 et
1447 4755 1533 4820 bene

413 4997 423 5028 ¹
438 4998 493 5052 Not
507 4998 687 5062 ‘'Gurthum”,
700 5016 732 5053 as
745 5001 772 5052 ln
785 5000 902 5054 Woods’
916 5001 977 5072 City
987 5002 1023 5071 os
1031 5001 1110 5055 Onon
1123 5000 1175 5068 (ed.
1188 4999 1291 5067 Clark),
1305 5001 1340 5065 iii,
1352 5001 1393 5066 87.
