3609 5642
364 578 434 649 27²
706 558 841 629 Rotulr'
866 556 1042 652 Hugona's
1063 556 1110 627 'de
1145 545 1286 626 Welles'.

549 708 642 714 ——-
675 709 721 713 --
800 708 866 713 .,---
936 707 1005 713 --—-
1030 706 1061 713 —u-
1106 706 1165 711 fl...-
1241 702 1271 709 --·
1513 700 1620 707 -—·——-

361 790 452 857 [John
474 790 509 843 de
530 790 702 858 Bramptonae
718 792 744 843 is
761 789 907 843 instituted
922 788 1034 842 Master
1049 790 1085 855 of
1094 788 1140 840 the
1156 785 1291 854 Hospilal
1307 786 1344 853 os
1352 785 1399 839 the
1410 784 1487 853 Holy
1508 784 1618 853 Trinity,

428 871 654 939 Northampton,·
663 872 733 938 Jan.
745 888 784 938 25,
796 887 844 937 123
842 887 863 937 5
868 888 882 933 ,·
897 886 940 923 see
945 873 976 938 p.
990 870 1057 939 176.]

448 990 682 1073 [Hosemnme
700 991 854 1056 Sanora
871 990 1098 1054 Tnuvmnvrs
1114 988 1145 1051 N
1149 987 1619 1070 onnanvnonm.]-Omni-

361 1094 423 1158 bus
445 1104 506 1157 etc.
554 1094 693 1158 Noverit
718 1095 918 1158 universitas
942 1104 1051 1158 vestra
1076 1114 1136 1156 nos
1162 1092 1343 1176 Hospitaie
1367 1092 1493 1157 Sancte
1513 1091 1618 1154 Trini-

275 1242 282 1256 ι
362 1199 441 1263 tatis
468 1198 569 1279 juxta
600 1198 906 1281 Norhamptoniam
934 1198 1058 1261 dilecto
1090 1198 1122 1259 in
1149 1196 1284 1261 Christo
1314 1195 1382 1258 filio
1406 1195 1551 1277 Johanni
1577 1195 1619 1258 de

364 1302 577 1384 Bramptone,
597 1300 784 1384 capellan0,
804 1302 1004 1364 auctoritate
1025 1299 1165 1363 Concilii
1186 1300 1367 1364 contulisse
1388 1301 1564 1382 ipsumque
1586 1300 1617 1361 in

361 1426 402 1468 eo
427 1406 584 1468 canonice
606 1404 802 1487 magistrum
822 1416 857 1468 et
877 1416 1039 1468 rectorem
1064 1404 1256 1479 instituisse,
1277 1403 1372 1467 salvo
1393 1402 1467 1483 jure
1487 1402 1615 1484 cujusli-

363 1508 419 1573 bet
443 1530 519 1573 cum
549 1509 583 1572 id
615 1509 697 1573 alias
727 1530 845 1572 vacare
876 1509 1074 1591 contigerit;
1108 1507 1209 1571 salvis
1239 1517 1301 1570 etc.
1351 1506 1451 1589 Quod
1483 1517 1519 1570 ut
1550 1518 1618 1584 etc,
1671 1564 1674 1573 ,
1750 1502 1751 1573 i

361 1612 502 1695 testibus
517 1622 551 1676 et
566 1612 648 1675 data
664 1622 700 1675 ut
717 1612 750 1675 in
767 1622 859 1676 carta
875 1614 1033 1695 proxima
1049 1632 1158 1695 supra.

360 1956 433 2020 [The
442 1956 600 2009 institution
610 1956 646 2023 os
656 1955 780 2008 Wlliam
792 1955 826 2008 dc
836 1955 985 2009 Albentizco
993 1960 1021 2008 to
1032 1956 1078 2008 tlte
1088 1956 1238 2023 charchas
1252 1942 1381 2021 Gnvton,·
1390 1955 1461 2022 Jan.
1477 1972 1517 2019 ²5·
1537 1971 1619 2021 1235,-

425 2041 587 2105 scep.18o.]

448 2156 887 2241 [GAYTONE.]-Omnibus
909 2168 971 2221 etc.
1020 2157 1159 2221 Noverit
1192 2158 1390 2221 universitas
1420 2168 1530 2221 vestra
1560 2178 1618 2219 nos

360 2261 404 2325 ad
440 2262 720 2343 presentationem
751 2262 1007 2345 dominioRegis
1033 2262 1156 2326 factam
1188 2263 1316 2325 ratione
1353 2272 1437 2325 terre
1467 2260 1618 2323 advocati

362 2365 528 2430 Bethunie
558 2366 591 2427 in
624 2385 725 2428 manu
763 2385 824 2428 sua
861 2366 1039 2430 existentis
1081 2364 1240 2429 dilectum
1280 2367 1313 2427 in
1351 2364 1485 2429 Christo
1515 2363 1617 2427 filium

362 2468 569 2533 Willelmum
602 2467 644 2532 de
681 2468 874 2544 Albeniaco‚
901 2468 1066 2545 clericum,
1106 2467 1147 2531 ad
1184 2468 1360 2531 ecclesiam
1391 2467 1434 2531 de
1466 2467 1618 2550 Gaytone

362 2573 537 2636 admisisse
561 2572 737 2654 ipsumque
764 2574 797 2635 in
821 2594 862 2637 ea
888 2572 1048 2635 canonice
1073 2591 1261 2655 personam,
1285 2570 1385 2633 salvis
1411 2581 1472 2635 etc.
1519 2568 1618 2652 Quod

362 2686 400 2740 ut
423 2687 494 2753 etc,
518 2674 660 2740 testibus
683 2686 717 2738 et
741 2675 822 2738 data
847 2685 882 2738 ut
911 2676 943 2738 in
966 2686 1058 2739 carta
1074 2694 1174 2758 super
1188 2673 1329 2738 ecclesia
1345 2674 1450 2738 saneti
1468 2672 1617 2755 Gregorii

364 2780 395 2843 N
398 2780 633 2862 orhamptonie
648 2799 756 2862 supra

361 3037 434 3102 [The
444 3037 602 3089 rirstr'tutirm
611 3036 647 3103 os
657 3034 782 3088 Wlliam
794 3035 829 3087 de
839 3034 939 3103 Burgo
950 3040 978 3087 to
988 3036 1034 3089 tlte
1044 3034 1145 3090 church
1156 3037 1192 3104 of
1198 3036 1304 3089 Paston
1311 3052 1324 3096 ‚·
1339 3050 1381 3087 see
1387 3037 1418 3102 p.
1432 3035 1500 3100 [γα]

450 3153 879 3239 [Panormi-Omnibus
895 3167 957 3218 etc.
1005 3154 1146 3219 Noverit
1160 3156 1357 3219 universitas
1374 3163 1483 3217 vestra
1500 3172 1561 3215 nos
1576 3150 1616 3214 ad

364 3260 646 3342 presentationem
663 3256 861 3321 dilectorum
876 3257 1018 3321 filiorum
1036 3256 1182 3322 Abbatis
1198 3268 1232 3322 et
1248 3267 1433 3322 conventus
1449 3256 1491 3319 de
1509 3255 1617 3338 Burgo

364 3364 453 3428 beati
478 3363 576 3438 Petri,
599 3371 815 3444 patronorum
842 3361 982 3425 ecclesie
1000 3362 1044 3426 de
1068 3363 1221 3439 Pastone,
1244 3362 1404 3426 dilectum
1431 3362 1464 3423 in
1487 3359 1618 3423 Christo

363 3465 467 3531 filium
500 3467 701 3549 Magistrum
733 3465 940 3529 Willelmum
972 3466 1014 3530 de
1048 3468 1169 3550 Burgo,
1199 3468 1366 3542 clericum,
1396 3464 1438 3528 ad
1477 3464 1616 3529 eandem

361 3570 536 3634 ecclesiam
553 3568 729 3632 admisisse
745 3567 923 3652 ipsumque
940 3570 973 3632 in
990 3591 1031 3633 ea
1050 3572 1211 3635 canonice
1232 3590 1410 3653 personam
1428 3568 1617 3643 instituisse,

362 3674 455 3737 salva
484 3671 583 3735 dictis
613 3674 763 3754 patronis
794 3672 909 3736 debita
939 3683 973 3736 et
1004 3676 1143 3756 antiqua
1174 3675 1344 3757 pensione,
1368 3683 1403 3737 et
1430 3672 1531 3735 salvis
1557 3682 1615 3735 etc.

363 3774 464 3858 Quod
481 3786 518 3839 ut
533 3785 605 3851 etc,
620 3776 763 3839 testibus
779 3786 813 3838 et
829 3776 911 3838 data
927 3787 964 3839 ut
981 3778 1013 3840 in
1030 3788 1122 3840 carta
1138 3797 1246 3859 supra.
