3609 5642
579 628 756 724 Episcopi
778 628 1060 702 Lincolniensz's.
1378 651 1448 719 ²29

192 868 373 931 eorundem
402 868 666 931 ministraturum
692 869 724 930 in
752 888 799 942 ea,
825 868 980 949 quotiens
1007 868 1108 930 ambo
1137 868 1188 931 vel
1220 867 1303 930 alter
1333 888 1448 930 eorum

193 991 318 1034 moram
336 970 453 1035 lecerit
472 972 607 1046 ibidem,
623 973 849 1056 concessimus
868 971 931 1035 sub
951 972 1013 1035 hac
1029 971 1136 1034 forma
1152 992 1158 1046 ;
1183 970 1337 1034 videlicet
1357 971 1447 1053 quod

193 1074 385 1157 capellanus
404 1078 603 1139 auctoritate
623 1086 737 1139 nostra
755 1075 799 1139 de
818 1097 982 1140 consensu
1005 1076 1198 1138 monialium
1220 1085 1253 1137 et
1274 1076 1385 1138 vicarii
1407 1075 1450 1139 de

195 1178 337 1260 Catteby
377 1180 411 1242 in
448 1179 598 1261 predicta
635 1180 764 1263 capella
803 1180 1049 1243 ministraturus
1078 1179 1203 1243 eisdem
1235 1180 1451 1261 corporaliter

195 1282 354 1365 prestabit
367 1282 595 1364 juramentum
611 1283 701 1366 quod
717 1283 792 1366 jura
812 1284 959 1348 matricis
979 1284 1126 1359 ecclesie,
1142 1292 1305 1365 quantum
1327 1285 1360 1346 in
1377 1285 1450 1367 ipso

194 1397 251 1461 est,
273 1388 306 1449 in
335 1388 491 1451 omnibus
517 1387 727 1450 conservabit
753 1387 853 1464 illesa,
875 1397 911 1451 et
937 1388 1027 1470 quod
1055 1387 1182 1450 nullum
1210 1388 1448 1469 parochianum

195 1512 288 1553 suum
317 1491 360 1554 ad
387 1492 630 1555 consessionem
658 1492 710 1555 vel
734 1492 777 1555 ad
804 1491 993 1555 divinorum
1025 1491 1281 1555 celebrationem
1314 1492 1347 1556 in
1379 1495 1451 1575 ipsa

195 1594 320 1677 capella
347 1596 419 1659 sine
444 1596 577 1659 licentia
601 1617 662 1659 sua
689 1597 833 1679 recipiet,
859 1616 920 1659 nec
945 1596 1081 1679 aliquod
1104 1594 1158 1677 jus
1188 1595 1450 1659 ecclesiasticum

196 1698 269 1781 ill[i]
288 1699 470 1782 impendet,
494 1721 601 1783 neque
625 1701 772 1783 legatum
796 1701 848 1765 vel
872 1701 1039 1783 privatum
1056 1700 1230 1765 denarium
1254 1711 1313 1765 aut
1336 1722 1451 1783 quem-

196 1824 324 1886 cunque
356 1815 553 1886 proventum
586 1805 722 1887 recipiet
752 1805 794 1868 ad
819 1805 970 1881 eisdem;
1005 1804 1192 1868 oblationes
1216 1806 1317 1867 etiam
1344 1805 1451 1867 omni-

197 1907 320 1984 modas,
343 1929 363 1970 a
386 1909 639 1991 quibuscunque
658 1909 762 1972 lactas
783 1911 816 1972 in
839 1909 930 1973 dicta
953 1910 1090 1993 capella,
1110 1908 1311 1991 supradictis
1328 1910 1452 1972 vicario

195 2022 227 2074 et
242 2012 443 2075 monialibus
458 2011 521 2075 sub
535 2011 651 2076 debito
664 2013 844 2093 jnramenti
862 2014 990 2095 prestiti
1014 2013 1155 2077 fideliter
1170 2024 1203 2076 et
1219 2013 1291 2076 sine
1307 2012 1451 2077 diminu-

196 2116 285 2179 tione
300 2116 460 2179 restituet.
509 2116 650 2180 Predicti
666 2138 745 2181 vero
766 2118 804 2180 R.
820 2126 855 2179 et
876 2117 917 2180 A.
938 2137 1014 2180 cum
1036 2128 1107 2180 tota
1127 2116 1253 2181 familia
1275 2138 1340 2197 sua
1356 2127 1452 2180 erunt

196 2220 334 2301 subjecti
352 2221 481 2284 matrici
497 2220 635 2285 ecclesie
651 2242 709 2284 sue
725 2221 767 2285 de
785 2222 937 2304 Katteby
953 2222 986 2285 in
1003 2221 1158 2285 omnibus
1172 2221 1245 2304 jure
1262 2220 1451 2303 parochiali,

196 2334 228 2387 et
250 2324 365 2387 omnia
387 2324 462 2405 jura
486 2325 710 2388 ecclesiastica
734 2325 923 2407 persolvent
947 2326 978 2389 ei
1005 2336 1165 2407 tanquam
1196 2325 1395 2407 parochiani,
1418 2334 1452 2387 et

196 2428 450 2492 sacramentalia
470 2430 652 2510 percipient
672 2429 715 2491 ab
734 2428 862 2505 eadem,
885 2428 948 2492 hoc
969 2429 1076 2491 solum
1097 2428 1161 2491 illis
1183 2449 1342 2492 concesso
1362 2429 1452 2511 quod

197 2532 292 2596 liceat
315 2534 365 2595 eis
388 2534 571 2596 cantariam
596 2532 746 2613 predicto
772 2532 874 2596 modo
899 2533 932 2594 in
961 2532 1111 2615 predicta
1135 2532 1264 2615 capella
1291 2532 1451 2615 optinere.

199 2637 235 2699 ln
259 2638 427 2720 precipuis
450 2658 528 2700 vero
551 2637 855 2719 sollempnitatibus
878 2637 1073 2719 subscriptis
1094 2647 1163 2700 tam
1184 2636 1265 2700 dicti
1288 2638 1326 2700 R.
1348 2647 1381 2701 et
1403 2636 1453 2713 A,

196 2742 222 2803 si
253 2727 425 2823 presentes
455 2740 577 2805 luerint
607 2741 741 2816 ibidem,
771 2761 873 2822 quam
905 2750 977 2804 tota
1007 2740 1133 2803 lamilia
1168 2762 1237 2817 sua,
1268 2740 1452 2823 predictam

197 2846 368 2907 matricem
399 2844 573 2907 ecclesiam
602 2865 696 2907 suam
723 2865 798 2907 cum
824 2844 1051 2908 oblationibus
1075 2844 1197 2908 debitis
1224 2856 1257 2908 et
1285 2845 1452 2907 consuetis

196 2948 334 3031 singulis
354 2949 451 3011 annis
471 2949 664 3022 visitabunt,
684 2948 810 3011 scilicet
829 2948 883 3011 die
904 2948 1035 3011 Natalis
1058 2948 1205 3023 Domini,
1220 2948 1275 3011 die
1297 2947 1452 3011 Purifica-

196 3052 294 3115 tionis
309 3052 409 3115 beate
427 3052 542 3129 Marie,
557 3053 613 3116 die
631 3053 765 3129 Pasche,
779 3052 834 3116 die
851 3052 1128 3135 Penthec[ostes],
1140 3062 1174 3115 et
1190 3052 1244 3115 die
1261 3052 1452 3135 sollempni-

197 3158 272 3221 tatis
292 3156 440 3221 ecclesie.
488 3158 523 3221 Si
545 3168 658 3221 autem
682 3167 798 3220 contra
821 3157 908 3221 hanc
930 3157 1071 3220 sormam
1092 3178 1151 3239 per
1172 3157 1338 3239 predictos
1361 3157 1398 3219 R.
1419 3167 1453 3219 et

198 3261 235 3325 A.
266 3262 319 3325 vel
358 3282 418 3343 per
454 3260 675 3343 capellanum,
707 3262 763 3343 qui
802 3282 863 3343 pro
897 3273 1048 3344 tempore
1080 3262 1112 3324 in
1144 3260 1294 3343 predicta
1324 3260 1453 3343 capella

197 3364 406 3441 ministrabit,
431 3365 554 3427 matrix
578 3364 717 3427 ecclesia
739 3364 979 3447 dampnificata
1003 3364 1101 3428 luerit
1125 3366 1157 3427 in
1181 3364 1303 3446 aliqu0,
1326 3374 1452 3427 extunc
1540 3427 1545 3443 ,

196 3468 236 3530 ad
274 3469 551 3550 conquestionem
590 3468 755 3531 dictarum
781 3468 989 3530 monialium
1029 3468 1080 3529 vel
1115 3467 1226 3530 vicarii
1258 3487 1317 3549 per
1347 3466 1452 3529 archi-

196 3571 375 3634 diaconum
400 3571 450 3635 vel
475 3571 640 3634 decanum
662 3572 725 3634 loci
745 3571 961 3635 interdicetur
980 3571 1110 3654 capella
1130 3582 1324 3646 memorata,
1345 3570 1452 3633 donec

197 3675 237 3738 de
255 3676 409 3757 dampno
428 3675 492 3757 ipsi
515 3676 656 3738 ecclesie
679 3676 777 3757 plene
797 3674 895 3738 suerit
916 3674 1131 3737 satisfactum.
1181 3676 1260 3736 Post
1278 3674 1451 3737 decessum

198 3790 308 3843 autem
329 3779 420 3842 dicte
441 3778 483 3841 A.
501 3779 650 3861 predicta
669 3780 799 3862 capella
818 3799 838 3841 a
857 3778 1045 3842 divinorum
1067 3778 1290 3842 celebratione
1309 3778 1452 3841 cessabit

198 3883 463 3966 inperpetuum,
487 3882 548 3947 hac
572 3882 670 3964 hujus
695 3892 806 3947 nostre
833 3884 1058 3947 concessionis
1082 3883 1189 3965 gratia
1214 3894 1293 3946 tnnc
1320 3884 1451 3965 penitus

197 3989 381 4070 expirante,
402 3987 502 4050 salvis
526 3988 558 4050 in
583 3988 740 4051 omnibus
762 3998 822 4051 etc.
872 3989 910 4050 ln
936 3986 1033 4067 hujus
1057 3988 1103 4049 rei
1128 3986 1355 4049 testimonium
1381 4007 1452 4068 pre-

199 4090 346 4154 sentibus
371 4090 489 4153 litteris
518 4091 664 4173 sigillum
696 4102 845 4154 nostrum
877 4091 1038 4153 duximus
1069 4088 1316 4172 apponendum.
1364 4090 1452 4151 Date

199 4214 253 4275 per
275 4213 415 4256 manum
440 4194 479 4257 R.
503 4193 545 4258 de
572 4194 759 4270 Waraville‚
778 4196 930 4257 canonici
954 4194 1205 4268 Lincolniensis,
1225 4192 1314 4274 apud
1339 4190 1451 4254 Lidin-

198 4308 282 4373 tone,
298 4298 334 4359 xi
352 4296 514 4360 kalendas
532 4297 686 4381 Augusti,
703 4297 917 4379 pontificatus
933 4298 1036 4361 nostri
1054 4316 1142 4359 anno
1158 4296 1288 4359 decimo
1311 4315 1407 4357 nono,

282 4557 351 4641 [On
368 4557 586 4642 thefaces-]
659 4692 661 4695 ψ
714 4648 852 4711 Annus
876 4660 926 4708 xx

198 4770 267 4837 [The
284 4772 443 4826 iustitiam
463 4774 499 4842 os
514 4774 640 4844 Geoffrey
659 4774 693 4828 de
710 4774 803 4827 Moris
822 4780 849 4828 to
867 4774 913 4827 tlte
929 4773 1076 4841 clivellus
1091 4771 1306 4839 Warnringtorr;
1323 4770 1386 4823 Dec.
1406 4786 1450 4835 5⁰·

260 4860 345 4919 1228,·
360 4872 405 4910 see
410 4860 442 4925 p.
455 4856 522 4926 [μ]

281 4968 808 5051 WERMINGTONE.-Omnibus
838 4979 898 5033 etc.
950 4968 1088 5032 Noverit
1119 4965 1314 5029 universitas
1341 4973 1451 5028 vestra

199 5091 256 5135 nos
278 5072 321 5137 ad
347 5074 630 5157 presentationem
654 5073 849 5136 dilectorum
874 5071 1026 5149 filiorum,
1047 5069 1191 5134 Abbatis
1210 5079 1243 5132 et
1267 5078 1451 5131 conventus
