3609 5642
585 544 764 640 Episcopi
778 544 1059 618 Lz'ncolniensr‘s.
1407 569 1473 639 153

217 785 376 849 Warinus
402 785 488 848 lilius
517 784 654 847 Roberti
674 784 848 848 dimidiam
870 787 1044 868 virgatam,
1063 785 1251 848 Turstanus
1276 784 1361 847 lilius
1382 786 1476 848 Wul-

217 886 299 948 mari
324 885 500 949 dimidiam
530 885 703 966 virgatam,
728 884 912 947 Nicholaus
939 884 1025 947 filius
1053 884 1191 948 Roberti
1215 884 1389 948 dimidiam
1413 886 1475 948 vir-

216 999 342 1070 gatam,
382 987 545 1051 Ricardus
590 986 676 1050 lilius
714 988 842 1050 Warini
881 987 1055 1051 dimidiam
1097 989 1271 1069 virgatam,
1310 988 1475 1065 Warinus,

215 1093 361 1174 armiger
391 1091 566 1155 dimidiam
590 1092 762 1174 virgatam,
787 1091 974 1155 Richardus
1003 1091 1140 1174 Longus
1170 1091 1344 1154 dimidiam
1368 1093 1474 1172 virga-

215 1206 297 1272 tam,
320 1194 423 1278 Hugo
447 1194 533 1258 filius
556 1194 691 1259 Osberti
715 1193 890 1257 dimidiam
915 1195 1089 1276 virgatam,
1109 1196 1226 1258 Petrus
1243 1195 1419 1258 Atterlane
1442 1207 1476 1259 et

217 1297 360 1362 Seledus
377 1299 492 1381 Bagge
507 1297 680 1361 dimidiam
697 1300 871 1380 virgatam,
884 1298 1072 1362 Willelmus
1090 1298 1285 1381 Hoppesort
1301 1298 1475 1362 dimidiam

216 1403 391 1484 virgatam,
415 1403 566 1466 Herveus
585 1402 627 1465 ad
655 1412 786 1484 portam
807 1403 981 1466 dimidiam
1002 1403 1175 1484 virgatam,
1197 1403 1339 1466 Matilda
1364 1403 1476 1468 Suetis

215 1515 252 1569 et
276 1506 429 1588 Rogerus
454 1506 542 1589 Lidy
558 1507 731 1570 dimidiam
754 1507 928 1589 virgatam,
945 1507 1096 1590 Rogerus
1119 1508 1152 1570 la
1168 1506 1277 1570 Weite
1300 1506 1474 1570 dimidiam

215 1610 389 1691 virgatam.
437 1610 523 1674 Item
534 1611 588 1673 isti
601 1620 678 1673 sunt
688 1611 744 1691 qui
761 1619 877 1673 tenent
887 1612 1052 1694 predictas
1063 1612 1210 1692 quinque
1226 1611 1372 1693 virgatas
1381 1621 1475 1684 terre,

216 1711 406 1776 Willelmus
431 1713 536 1776 Finch
559 1714 734 1778 dimidiam
759 1714 933 1795 virgatam,
950 1715 1114 1777 Ricardus
1139 1713 1276 1776 Huncin
1299 1713 1474 1776 dimidiam

215 1817 391 1897 virgatam,
413 1818 579 1882 Robertus
601 1818 766 1882 Knottere
785 1818 961 1881 dimidiam
982 1820 1155 1902 virgatam,
1175 1817 1343 1880 Walterus
1368 1816 1477 1880 Fader

214 1921 390 1985 dimidiam
412 1923 585 2006 virgatam,
602 1923 697 1988 Simo
721 1924 830 1986 Pecke
853 1932 887 1986 et
912 1922 1098 1986 Edwardus
1122 1922 1208 1985 filius
1233 1923 1355 2004 Rogeri
1378 1921 1475 1984 dimi-

214 2027 306 2089 diam
324 2029 498 2108 virgatam,
514 2027 703 2091 Willelmus
727 2027 813 2092 filius
834 2028 947 2091 Edrici
963 2028 1137 2092 dimidiam
1158 2029 1331 2110 virgatam,
1347 2026 1475 2089 Acerus

215 2129 304 2194 filius
327 2131 486 2194 Willelmi
510 2131 684 2196 dimidiam
708 2133 882 2214 virgatam,
907 2133 1075 2215 Sampson
1098 2131 1272 2195 dimidiam
1301 2131 1475 2212 virgatam,

216 2235 246 2297 F
248 2233 327 2298 ulko
351 2256 451 2299 unam
476 2237 647 2319 virgatam.
693 2235 780 2299 *vel
805 2246 963 2319 poterunt
986 2237 1052 2300 due
1069 2246 1216 2300 marcate
1236 2236 1426 2307 consistere,
1447 2235 1473 2296 si

214 2339 374 2402 dominus
397 2339 584 2422 Episcopus
607 2340 754 2416 voluerit,
776 2341 809 2402 in
836 2361 903 2403 una
928 2341 1057 2423 virgata
1079 2351 1165 2403 terre
1189 2338 1290 2402 libera
1313 2339 1356 2400 ab
1382 2338 1473 2400 omni

214 2443 355 2506 seculari
383 2444 561 2507 exactione
587 2453 621 2506 et
649 2445 853 2526 prestatione
883 2443 1098 2520 decimarum,
1121 2465 1198 2506 cum
1229 2443 1334 2507 tribus
1362 2442 1474 2517 toftis;

213 2557 249 2608 et
266 2547 329 2609 hoc
346 2557 422 2629 post
438 2547 611 2610 decessum
627 2549 678 2610 vel
700 2549 884 2612 cessionem
905 2548 1060 2629 Hugonis
1075 2548 1248 2630 capellani,
1272 2548 1328 2629 qui
1352 2545 1475 2609 medie-

216 2660 322 2713 tatem
354 2649 443 2713 dicte
469 2651 597 2733 virgate
624 2660 710 2714 terre
742 2651 784 2714 de
815 2651 914 2714 dictis
946 2651 1057 2714 Priore
1087 2661 1121 2714 et
1151 2661 1316 2714 conventu
1349 2650 1475 2713 tenebit

215 2753 377 2835 quamdiu
409 2752 570 2817 vixerit.ll
630 2754 778 2818 Habebit
807 2755 910 2818 etiam
940 2775 1080 2836 persona
1109 2755 1284 2819 dimidiam
1311 2755 1474 2836 virgatam

210 2867 301 2920 terre
328 2877 430 2938 quarn
458 2857 646 2920 Willelmus
671 2857 797 2934 Bunch,
823 2857 913 2940 prius
937 2859 1078 2921 vicarius
1106 2858 1228 2921 ibidem
1264 2856 1413 2940 possedit
1441 2865 1476 2918 et

215 2957 385 3022 redditum
403 2971 531 3041 septem
548 2961 730 3024 solidorum
743 2971 777 3024 et
792 2971 870 3024 octo
885 2962 1096 3025 denariorum
1113 2962 1156 3024 de
1175 2961 1343 3043 Hospitali
1360 2959 1474 3026 Sancti

212 3062 333 3144 Jacobi
358 3063 391 3126 in
416 3063 533 3127 eadem
560 3065 717 3146 parochia
744 3066 1003 3148 percipiendum.
1048 3065 1168 3141 *Item
1191 3065 1241 3129 vel
1273 3075 1413 3148 possunt
1439 3063 1473 3125 xl

215 3165 360 3229 solidate
386 3167 575 3248 supradicte
601 3169 781 3231 consistere
808 3169 840 3231 in
860 3169 1011 3233 decimus
1033 3169 1098 3233 seni
1122 3171 1224 3232 totius
1243 3166 1414 3251 parrochie
1433 3167 1476 3230 de

217 3269 466 3333 Ressendene.t
505 3269 550 3333 Et
566 3272 742 3334 sustinebit
758 3293 900 3354 persona
916 3274 1029 3336 omnia
1045 3293 1145 3336 onera
1161 3272 1285 3335 dictam
1301 3271 1475 3334 ecclesiam

216 3373 448 3454 contingentia
477 3373 592 3436 debita
624 3383 658 3436 et
683 3385 852 3453 consueta,
885 3386 920 3439 et
955 3375 1156 3438 ministrabit
1193 3374 1410 3457 personaliter
1443 3373 1475 3434 in

210 3476 344 3538 eadem.
393 3476 670 3540 Extraordinaria
687 3499 766 3540 vcro
793 3479 873 3541 dicti
894 3479 1049 3542 monachi
1074 3498 1134 3561 pro
1152 3499 1212 3540 sua
1233 3479 1385 3560 portione
1406 3496 1475 3538 sus-

214 3578 380 3642 tinebunt
418 3579 463 3643 Et
476 3581 671 3644 mandatum
683 3581 834 3644 estdicto
851 3582 1100 3645 Archidiacono
1116 3591 1153 3645 ut
1167 3581 1294 3644 dictum
1307 3581 1474 3643 Thomam

211 3684 249 3744 in
260 3682 469 3765 corporalem
479 3684 569 3747 dicte
578 3684 716 3747 ecclesie
728 3685 972 3766 possessionem
983 3687 1166 3750 secundum
1181 3686 1321 3768 primam
1334 3683 1473 3747 sormam

216 3788 478 3869 suprascriptam
503 3787 648 3851 inducat.
693 3787 749 3870 [In
768 3788 821 3850 the
842 3790 973 3870 margin
982 3789 1051 3871 .·—]
1071 3790 1138 3852 lste
1156 3789 1325 3871 portiones
1341 3787 1475 3850 eviden-

215 3891 284 3953 tius
299 3898 333 3952 et
353 3891 471 3952 melius
487 3892 676 3954 inseruntur
696 3892 729 3953 in
749 3901 840 3954 carta
861 3893 1101 3955 monachorum
1118 3913 1206 3955 anno
1222 3891 1306 3971 xxj⁰.
1323 3902 1356 3956 et
1372 3892 1474 3953 etiam

217 4013 359 4074 persone
375 4014 464 4056 anno
479 3994 575 4076 xxiij.

212 4265 224 4334 l
225 4265 307 4331 John
326 4266 361 4319 de
381 4266 408 4318 Τ
403 4268 556 4330 macestn'a,
569 4268 708 4335 chaplain,
715 4268 864 4335 presented
874 4269 907 4337 by
921 4268 966 4321 the
983 4269 1114 4337 Pn‘orof
1131 4268 1254 4328 Weedon,
1264 4268 1421 4336 proctorof
1432 4267 1478 4320 tlte

282 4347 371 4401 Abbot
384 4349 420 4416 os
426 4348 466 4403 St.
479 4348 593 4412 Luctan,
605 4349 753 4414 Beauvais,
769 4352 795 4402 ts
809 4350 957 4404 instituted
968 4352 1048 4404 m'car
1062 4352 1097 4419 of
1112 4350 1230 4403 Weedon
1247 4350 1382 4418 Pinkney.
1421 4348 1477 4401 rte

282 4431 614 4499 vr'carager'sdescribed.]

305 4549 480 4614 WEDONE
517 4552 897 4633 VICARIra—Johannes
935 4551 979 4615 de
1019 4552 1243 4627 Touecestria,
1274 4550 1477 4634 capellanus,

214 4664 428 4737 presentatus
451 4675 509 4736 per
534 4654 745 4731 Nicholaum,
761 4655 908 4718 Priorem
933 4655 975 4718 de
999 4655 1161 4731 Wedone,
1183 4655 1373 4737 generalem
1400 4675 1475 4737 pro-

214 4769 404 4822 curatorem
422 4759 566 4822 Abbatis
584 4759 698 4824 Sancti
717 4759 855 4822 Luciani
874 4759 1094 4836 Belvacensis,
1106 4759 1149 4823 ad
1165 4759 1322 4822 vicariam
1338 4759 1476 4822 ecclesie

298 5003 304 5032 ¹
319 5003 380 5055 The
391 5011 539 5056 sentences
552 5005 681 5056 between
692 5004 739 5055 the
752 5004 887 5056 asterisks
900 5020 947 5056 are
961 5004 1076 5056 marked
1088 5009 1189 5056 “vacat
1199 5003 1211 5022 ”
1223 5005 1251 5054 in
1264 5003 1311 5055 the
1323 5004 1394 5056 Roll.
