3609 5642
592 533 770 630 Episcopi
793 533 1076 607 Lz'ncolniensis.
1395 541 1457 606 161

197 770 325 836 [Walter
333 770 367 824 de
377 770 485 838 Burgo,
490 769 639 838 presented
647 769 680 837 ty
691 769 789 837 Roger,
802 785 852 822 son
863 771 899 836 of
910 768 1049 836 Pagauus
1058 768 1092 822 de
1102 767 1276 836 Helpestone
1285 771 1310 822 is
1321 771 1465 824 instituted

268 858 297 904 to
307 851 354 905 tire
367 851 477 904 Ctrurclt
489 853 524 920 of
536 851 694 939 Helpston]

293 955 773 1022 HELPESTONE.-Walterus
800 955 842 1019 de
871 956 983 1036 Burgo
1010 953 1145 1038 [blank],
1168 965 1377 1038 presentatus
1406 978 1464 1040 per

202 1061 377 1142 Rogerum
402 1059 506 1124 filium
532 1061 657 1144 Pagani
681 1059 724 1123 de
749 1060 967 1143 Helpestone,
988 1061 1137 1137 militem,
1158 1060 1200 1122 ad
1223 1062 1396 1124 ecclesiam
1421 1061 1463 1125 de

201 1164 425 1246 Helpestone,
446 1165 534 1229 sacta
557 1165 647 1248 prius
667 1165 880 1246 inquisitione
905 1185 963 1246 per
987 1164 1188 1247 Magistrum
1215 1164 1257 1242 S,
1274 1164 1462 1229 Officialem

201 1267 237 1330 N
240 1268 484 1350 orhamptonie,
507 1288 698 1351 perquam,
720 1278 792 1345 etc,
815 1268 858 1331 ad
881 1266 1024 1330 eandem
1048 1253 1295 1346 admissus'est
1310 1277 1371 1332 etc.
1418 1269 1463 1333 Et

200 1371 393 1453 injunctum
409 1382 460 1435 est
478 1373 615 1436 Decano
631 1372 776 1454 presenti
792 1381 829 1436 ut
845 1372 917 1435 vice
934 1371 1179 1449 Archidiaconi,
1194 1381 1256 1436 etc.

199 1696 347 1765 [Geoffrey
374 1695 407 1748 de
434 1695 606 1763 Heipestone,
635 1695 773 1763 chaptain,
797 1695 947 1762 presented
964 1695 997 1763 ty
1021 1695 1127 1749 Walter
1145 1695 1179 1749 de
1201 1695 1300 1763 Burgo
1327 1701 1419 1762 rector,
1437 1697 1464 1750 is

267 1777 415 1830 instituted
423 1779 547 1846 uicarrts
559 1777 716 1845 Helpstone.
754 1777 811 1830 Tite
821 1776 1155 1844 vicurageesdeseribed]

294 1879 775 1945 HELPESTONE.—Galfridus
798 1879 840 1948 de
866 1879 1084 1962 Helpestone,
1107 1880 1308 1963 capellanus,
1330 1900 1463 1963 presen-

198 1995 294 2048 tatus
310 2005 369 2067 per
384 1982 570 2047 Walterum
586 1984 630 2047 de
646 1985 766 2067 Burgo,
783 2003 960 2065 personam
976 1984 1115 2047 ecclesie
1131 1984 1173 2048 de
1188 1984 1404 2067 Helpestone,
1417 1988 1460 2050 ad

197 2088 360 2152 vicariam
381 2086 470 2151 dicte
489 2086 635 2164 ecclesie,
656 2075 897 2151 interveniente
916 2107 1080 2150 consensu
1102 2087 1225 2170 Rogeri
1245 2086 1303 2152 filii
1329 2090 1464 2174 Pagani,

198 2191 307 2274 ipsius
323 2190 462 2253 ecclesie
478 2191 618 2273 patroni,
634 2191 677 2254 ad
698 2191 841 2254 eandem
857 2190 1024 2254 admissus
1038 2200 1100 2268 est,
1115 2211 1192 2254 cum
1208 2212 1308 2256 onere
1323 2203 1358 2257 et
1377 2215 1463 2277 pena
1516 2248 1518 2252 ,

197 2295 411 2370 vicariorum,
430 2303 511 2372 etc.;
534 2294 589 2375 qui
610 2294 746 2376 quidem
764 2303 871 2358 totam
892 2295 999 2376 ipsam
1015 2295 1190 2358 ecclesiam
1208 2295 1335 2360 tenebit
1350 2298 1461 2380 quoad

197 2397 335 2474 vixerit,
351 2396 522 2462 reddendo
542 2398 620 2461 inde
641 2398 791 2481 predicto
807 2398 966 2476 Walter0,
981 2397 1133 2479 ejusdem
1154 2399 1293 2464 ecclesie
1313 2420 1463 2483 persone,

196 2501 247 2583 iiij
265 2521 396 2565 marcas
411 2522 539 2564 annuas
563 2503 699 2565 nomine
722 2503 891 2585 pensionis
914 2502 956 2565 ad
973 2502 1058 2567 duos
1084 2504 1244 2566 terminos
1266 2505 1355 2581 anni,
1371 2505 1461 2569 vide-

198 2605 272 2668 licit
298 2603 340 2667 ad
363 2605 491 2667 Pascha
509 2604 594 2667 duas
614 2625 742 2668 marcas
766 2615 800 2668 et
826 2605 869 2668 ad
895 2605 1017 2669 festum
1041 2605 1155 2671 Sancti
1178 2607 1352 2671 Michaelis
1379 2608 1463 2671 duas

198 2728 332 2772 marcas
347 2730 355 2785 ;
378 2707 467 2771 idem
483 2717 595 2772 autem
613 2709 753 2771 vicarius
769 2709 946 2772 sustinebit
961 2709 1075 2772 omnia
1090 2730 1193 2772 onera
1208 2711 1311 2792 ipsius
1323 2711 1462 2774 ecclesie

198 2811 379 2888 ordinaria,
395 2811 509 2875 debita
527 2823 560 2875 et
577 2822 744 2875 consueta.
792 2812 837 2874 Et
861 2811 1048 2892 injunctum
1072 2822 1123 2875 est
1141 2813 1279 2876 Decano
1301 2814 1364 2877 loci
1389 2836 1461 2897 pre-

197 2915 288 2979 senti
305 2925 343 2977 ut
358 2916 467 2997 ipsum
485 2915 672 2980 Galfridum
689 2915 858 2993 vicarium,
874 2916 946 2979 vice
960 2915 1206 2993 Archidiaconi,
1221 2926 1282 2981 etc.

197 3237 334 3307 [Eustace
344 3238 378 3292 de
392 3237 593 3299 Guaddeuilk,
604 3238 775 3300 suidearon,
782 3238 931 3306 presented
943 3239 976 3307 by
986 3239 1087 3293 Robert
1094 3239 1130 3293 de
1144 3240 1266 3309 Pavilly.
1278 3243 1304 3294 is
1317 3243 1465 3296 instituted

266 3325 294 3373 to
305 3319 351 3373 the
362 3320 464 3374 cirurcir
475 3321 510 3388 of
516 3319 726 3389 Paulerspnry.]

291 3421 763 3486 WESTPIRIE.—Eustachius
788 3422 831 3486 de
861 3421 1103 3500 Geraddeville,
1130 3423 1363 3501 subdiaconus,
1388 3446 1460 3507 pre-

197 3535 354 3590 sentatus
370 3545 429 3608 per
444 3525 630 3589 Robertum
647 3525 690 3588 de
707 3525 836 3608 Pavilly
851 3525 894 3588 ad
916 3525 1089 3588 ecclesiam
1107 3527 1149 3590 de
1169 3525 1357 3609 Westpirie,
1373 3528 1461 3592 sacta

199 3630 292 3712 prius
316 3628 531 3709 inquisitione
554 3650 612 3711 per
637 3629 836 3712 Magistrum
858 3629 900 3706 S,
922 3628 1109 3693 Officialem
1135 3630 1411 3714 Norhamptonie‚
1426 3641 1460 3696 et

196 3733 347 3797 admissa
371 3734 568 3815 purgatione
591 3754 651 3796 sua
674 3733 762 3796 facta
785 3754 861 3796 cum
885 3733 1085 3797 duodecima
1107 3755 1208 3797 manu
1234 3756 1461 3817 personarum,

198 3836 460 3920 presbiterorum
476 3847 510 3900 et
525 3837 751 3914 diaconorum,
768 3857 868 3919 super
887 3837 1014 3900 incestu
1030 3858 1131 3919 quem
1152 3839 1241 3902 idem
1260 3840 1460 3904 Eustachius

197 3961 277 4004 cum
299 3939 437 4002 domina
460 3939 587 4023 [blank]
605 3940 648 4004 de
673 3940 810 4022 Pavilly,
829 3941 934 4003 amita
956 3961 1025 4018 sua,
1048 3940 1221 4005 dicebatur
1244 3944 1460 4020 commisisse,

198 4064 260 4127 per
271 4063 346 4125 que,
358 4052 430 4120 etc,
442 4043 485 4106 ad
501 4043 643 4107 eandem
660 4044 826 4108 admissus
841 4053 902 4120 est,
913 4055 974 4107 etc.
1021 4044 1068 4107 Et
1083 4045 1281 4110 mandatum
1296 4057 1348 4110 est
1364 4048 1455 4111 dicto

198 4147 346 4212 Officiali
386 4157 432 4224 ut,
466 4157 527 4210 etc.
579 4148 698 4211 Dictus
736 4157 849 4212 autem
885 4147 1088 4210 Eustachius
1129 4148 1302 4212 dominam
1343 4150 1459 4231 ipsam,

197 4271 371 4316 accessum
395 4251 546 4314 illicitum
570 4263 604 4316 et
626 4253 740 4315 omnia
762 4251 835 4315 loca
858 4262 1014 4334 suspecta
1036 4252 1265 4334 sollempniter
1285 4253 1457 4334 abjuravit.

199 4354 305 4437 Apud
323 4353 494 4420 Stouwam
511 4355 555 4436 vij
575 4355 747 4419 Kalendas
765 4355 931 4420 Octobris.

196 4687 311 4755 [Robert
331 4687 364 4740 de
386 4687 612 4751 Adhelakestone,
633 4687 801 4750 sub-deacon,
816 4687 964 4754 presented
980 4687 1014 4755 by
1030 4687 1077 4740 tite
1094 4687 1184 4741 Attot
1200 4688 1260 4741 aud
1282 4688 1408 4742 Convent
1427 4690 1463 4756 os

263 4768 393 4831 Rouester,
406 4769 511 4839 Stuffs„
523 4771 547 4823 is
558 4771 704 4824 instituted
712 4775 739 4822 to
750 4772 796 4824 tire
807 4770 908 4824 chureii
919 4771 955 4837 of
971 4769 1124 4838 Wooayord
1133 4768 1240 4839 Habe]

289 4870 759 4936 Woosroroe-Robertus
778 4872 821 4935 de
838 4871 1122 4948 Adhelakestone,
1138 4870 1370 4949 subdiaconus,
1386 4891 1457 4954 pre-

200 4985 352 5038 sentatus
369 4995 428 5058 per
443 4975 613 5040 Abbatem
630 4987 664 5040 et
679 4986 881 5040 conventum
898 4976 941 5039 de
959 4974 1154 5038 Roucestria
1170 4973 1213 5037 ad
1228 4974 1401 5038 ecclesiam
1414 4976 1457 5038 de

262 5083 333 5135 Vos.
353 5083 388 5136 ll.
1365 5097 1387 5136 u
