3609 5642
342 531 407 602 15²
688 508 1015 607 Rotulz'Hugoms
1031 511 1075 582 ete
1101 510 1233 582 Welles

337 743 476 812 [thtiam
494 744 586 804 Poeta,
598 745 735 812 cleptein,
748 745 897 812 presented
910 745 943 814 by
958 746 1005 799 tlte
1020 746 1107 798 Pn'or
1121 746 1181 798 and
1198 747 1325 799 Convent
1338 757 1369 813 os
1386 748 1426 798 bt.
1438 745 1593 802 Andrew's,

401 827 612 894 Nerthampton,
624 827 648 879 ts
659 826 803 879 instituted
811 829 891 880 vicar
900 828 935 894 os
940 827 980 884 St.
996 827 1077 889 Giles,
1091 827 1315 894 ltbetttamptnn]

424 946 565 1012 Snucrr
599 949 725 1010 Ecmu
761 947 1072 1011 Nonummrours
1106 949 1479 1028 mesura—Magister
1510 947 1592 1008 Wit-

337 1053 454 1116 lelmus
481 1054 590 1128 Poeta,
615 1053 815 1135 capellanus,
836 1063 1044 1136 presentatus
1070 1074 1128 1135 per
1157 1055 1301 1116 Priorem
1329 1063 1363 1117 et
1389 1064 1591 1116 conventum

338 1157 452 1222 Sancti
478 1157 613 1220 Andree
638 1157 904 1239 Norhamptonie
927 1157 970 1220 ad
993 1158 1150 1221 vicariam
1177 1158 1315 1220 ecclesie
1339 1158 1454 1221 Sancti
1480 1154 1591 1238 Egidii

338 1261 612 1345 Norhamptonie,
644 1262 830 1325 ordinatam
867 1272 903 1325 nt
938 1284 1038 1346 supra
1068 1284 1157 1326 anno
1187 1262 1336 1345 [blank];
1377 1262 1464 1324 sacta
1503 1260 1592 1343 prius

337 1365 550 1447 inquisitione
566 1386 625 1448 per
646 1366 695 1442 R,
721 1365 1003 1429 Archidiaconum
1030 1367 1305 1449 Norhamptonie,
1321 1385 1507 1448 perquam,
1522 1374 1592 1438 etc,

337 1468 379 1532 ad
403 1468 545 1531 eandem
568 1468 733 1531 admissus
756 1477 807 1531 est
829 1469 891 1530 sub
914 1490 1014 1532 onere
1037 1480 1071 1532 et
1094 1490 1182 1551 pena
1204 1470 1411 1543 vicariorum,
1437 1479 1498 1530 etc.
1547 1466 1591 1528 Et

337 1570 532 1634 mandatum
549 1582 600 1635 est
615 1570 706 1634 dicto
723 1571 969 1635 Archidiacono
991 1582 1035 1648 ut,
1051 1585 1111 1636 etc.

826 1922 966 1984 Ausus
988 1919 1095 1982 xxt'*

332 2051 438 2120 [Roger
454 2053 488 2105 de
507 2052 653 2120 Bissopele,
666 2053 836 2114 sub-deucere,
849 2055 999 2122 presented
1015 2055 1048 2121 by
1064 2054 1189 2106 tht'ezm
1209 2053 1347 2111 Burdone,
1359 2053 1384 2104 is
1403 2051 1551 2103 instituted
1565 2056 1591 2102 to

396 2134 440 2186 tlte
451 2135 551 2188 elturctt
564 2137 599 2203 os
611 2135 811 2204 Desbornugh.]

420 2244 856 2326 DESEBURGE.-Rogerus
872 2247 916 2310 de
934 2247 1114 2329 Bissopele,
1130 2246 1363 2320 subdiaconus,
1380 2253 1591 2326 presentatus

332 2369 391 2432 per
406 2349 612 2412 Willelmum
632 2350 787 2412 Burdone
803 2350 846 2413 ad
864 2351 1039 2414 ecclesiam
1056 2351 1098 2413 de
1117 2351 1319 2431 Deseburge,
1336 2359 1512 2412 vacantem
1536 2368 1592 2429 per

331 2451 517 2528 concilium,
543 2451 631 2515 facta
662 2453 754 2535 prius
786 2454 1001 2534 inquisitione
1032 2475 1092 2536 per
1118 2454 1317 2534 Magistrum
1344 2450 1591 2527 S.,Officialem

333 2554 608 2638 Norhamptonie,
632 2578 691 2639 per
714 2577 815 2638 quam
841 2559 1013 2639 negotium
1037 2568 1107 2620 erat
1131 2559 1163 2618 in
1187 2556 1358 2638 expedit0,
1382 2556 1425 2618 ad
1448 2555 1591 2617 eandem

332 2658 498 2721 admissus
520 2671 578 2722 est.
626 2661 670 2722 Et
694 2659 890 2722 mandatum
914 2671 965 2723 est
988 2661 1080 2723 dicto
1103 2660 1247 2724 Officiali
1271 2671 1307 2721 ut
1332 2661 1442 2741 ipsum
1468 2661 1499 2720 in
1522 2679 1592 2720 cor-

332 2762 480 2844 poralem
498 2763 600 2845 ipsius
615 2763 752 2826 ecclesie
769 2765 1012 2846 possessionem
1030 2763 1173 2827 inducat.

329 3105 467 3174 [Thomas
485 3106 519 3158 de
541 3106 771 3173 rtbrhamptonta,
791 3107 930 3174 cltaplain,
947 3107 1095 3174 presented
1109 3107 1143 3174 by
1162 3107 1208 3159 tlte
1228 3107 1316 3159 Prior
1332 3106 1392 3158 ared
1416 3107 1543 3159 Convent
1562 3106 1597 3172 os

394 3188 509 3248 lenton,
521 3189 610 3250 ltotts,
623 3190 648 3240 is
658 3189 804 3242 instituted
812 3196 839 3242 to
850 3189 895 3242 tlte
907 3190 1007 3243 chureii
1020 3191 1055 3257 of
1061 3189 1213 3258 timidam]

419 3307 870 3371 RISSENDENE.-—Thomas
886 3307 929 3369 de
947 3307 1224 3390 Norhamptonia,
1240 3307 1442 3389 capellanus,
1458 3328 1592 3389 presen-

330 3419 420 3473 tatus
450 3431 510 3492 per
537 3411 683 3472 Priorem
714 3421 747 3473 et
777 3420 980 3474 conventum
1010 3410 1053 3473 de
1086 3411 1238 3474 Lentone
1269 3411 1311 3473 ad
1342 3410 1518 3474 ecclesiam
1550 3407 1592 3474 de

332 3514 556 3590 Ressendene,
580 3513 667 3577 sacta
690 3516 780 3596 prius
804 3515 1019 3596 inquisitione
1042 3535 1101 3596 per
1125 3515 1172 3590 R,
1195 3514 1480 3577 Archidiaconum
1506 3515 1592 3577 Nor-

330 3617 534 3700 hamptonie,
565 3639 623 3701 per
653 3638 763 3699 quam,
793 3629 864 3694 etc,
894 3619 938 3682 ad
969 3619 1111 3681 eandem
1136 3617 1301 3680 admissus
1330 3630 1391 3693 est,
1421 3628 1455 3681 et
1488 3620 1522 3681 in
1553 3639 1593 3682 ea

330 3721 489 3784 canonice
513 3742 654 3804 persona
677 3722 869 3795 institutus;
893 3722 985 3784 salva
1008 3721 1105 3785 dictis
1129 3723 1232 3783 Priori
1255 3731 1289 3784 et
1312 3723 1492 3784 conventui
1517 3744 1592 3804 por·

332 3825 423 3887 tione
455 3825 632 3906 garbarum
656 3834 690 3886 et
717 3824 782 3886 seni
811 3845 868 3906 per
894 3824 1069 3887 dominum
1100 3825 1306 3907 Episcopum
1338 3825 1380 3887 H.
1405 3825 1591 3889 secundum

333 3937 366 3990 et
397 3927 579 4009 capitulum
614 3926 773 4002 Lincoln’,
800 3929 880 4010 ipsis
908 3949 1074 4004 concessa,
1098 3932 1233 3991 nomine
1261 3930 1413 4010 perpetui
1442 3929 1594 3992 beneficii

332 4031 544 4114 percipienda
560 4033 740 4095 annuatim.
788 4032 949 4095 Consistit
964 4041 1077 4094 autem
1094 4033 1203 4113 portio
1213 4052 1354 4113 persone
1371 4033 1403 4095 in
1420 4042 1494 4094 toto
1509 4033 1593 4096 alta-

332 4135 423 4216 ragio
433 4145 466 4198 et
476 4135 631 4197 omnibns
648 4136 785 4197 minutis
797 4134 935 4198 decimis
951 4135 994 4198 ad
1009 4135 1150 4198 eandem
1167 4136 1342 4198 ecclesiam
1353 4136 1592 4217 spectantibus.

333 4237 494 4302 Consistit
506 4240 607 4301 etiam
625 4239 658 4301 in
681 4239 820 4302 decimis
835 4239 1012 4321 garbarum
1034 4249 1068 4301 et
1090 4239 1155 4301 leni
1174 4248 1251 4301 octo
1270 4240 1473 4322 virgatarum
1496 4252 1592 4315 terre,

332 4362 397 4423 que
416 4341 544 4404 decime
554 4343 665 4405 valent
675 4343 712 4405 xl
729 4342 853 4405 solidos
866 4363 872 4419 ;
891 4343 969 4405 item
982 4344 1013 4404 in
1025 4341 1164 4405 decimis
1176 4342 1353 4425 garbarum
1366 4352 1400 4405 et
1415 4343 1479 4406 leni
1496 4344 1593 4425 quin-

332 4466 397 4528 que
414 4447 614 4527 virgatarum
631 4456 725 4523 terre,
741 4447 823 4510 etin
841 4446 972 4509 redditu
989 4443 1057 4507 >cxti
1067 4445 1278 4508 denariorum
1288 4446 1332 4508 de
1347 4445 1433 4509 tofto
1448 4445 1592 4510 Arnoldi

334 4550 364 4613 le
379 4549 534 4632 Tippere,
549 4571 613 4632 que
628 4551 742 4614 valent
758 4550 778 4631 ij
800 4569 936 4613 marcas.
985 4549 1135 4612 Habebit
1150 4551 1249 4612 etiam
1273 4570 1416 4631 persona
1436 4571 1591 4614 mansum

333 4653 390 4735 qui
421 4652 482 4716 fuit
515 4654 662 4717 Hawisie
686 4653 927 4737 Temprenoise
957 4673 1034 4715 cum
1066 4653 1284 4734 pertinentiis.
1342 4653 1400 4715 Hii
1432 4663 1512 4718 sunt
1534 4654 1593 4736 qui

333 4766 448 4820 tenent
464 4757 629 4839 predictas
645 4767 723 4819 octo
738 4758 882 4838 virgatas
898 4767 993 4833 terre,
1012 4754 1198 4818 Edwardus
1214 4755 1243 4818 le
1261 4755 1292 4818 N
1295 4755 1478 4819 ewebonde
1499 4766 1592 4820 tenet

332 4861 506 4924 dimidiam
532 4863 704 4944 virgatam,
731 4860 828 4923 Batte
854 4859 957 4923 Hulle
981 4858 1156 4922 dimidiam
1183 4859 1357 4942 virgatam,
1384 4858 1488 4941 Hugo
1514 4859 1594 4923 Ber-

333 4963 445 5028 karius
461 4963 634 5027 dimidiam
651 4965 824 5046 virgatam,
842 4964 994 5046 Rogerns
1017 4963 1210 5046 capellanus
1228 4962 1403 5026 dimidiam
1420 4964 1596 5046 virgatam,
