3609 5642
597 589 773 685 Episcopi
791 588 1076 661 Lz'ncolnz'enst's.

211 1039 306 1163 Ue
349 1034 866 1193 Qirclt‘otaconott'ssvo
909 1042 1294 1202 morlomtom'c,
1322 1044 1462 1167 aare

445 1236 637 1385 cestrie,
681 1228 891 1379 §tolia
936 1230 1233 1357 attollo:

513 1490 653 1555 Annus
676 1504 715 1553 xr
740 1491 889 1554 Dounu
916 1491 958 1553 H.
984 1490 1164 1555 Saeuum.

208 1630 375 1700 [Certtficatc
391 1632 454 1685 that
473 1633 560 1691 Peter.
584 1632 723 1699 chaplain,
747 1632 800 1685 has
817 1632 882 1686 been
900 1632 1047 1686 instituted
1062 1638 1089 1685 to
1111 1632 1156 1685 tte
1177 1632 1277 1685 church
1301 1634 1336 1701 os
1356 1633 1461 1685 Easton

270 1712 427 1776 Mandu&
436 1714 506 1779 Jan.
520 1730 558 1779 17,
571 1715 654 1782 mo]

293 1832 581 1896 Nonunurous.
628 1833 757 1897 Caum
775 1835 893 1896 Psrm
914 1846 1125 1897 causemur
1150 1846 1267 1895 suasu
1285 1846 1462 1897 uectusm

209 1948 255 1997 DE
272 1935 657 2000 ESTONE.-Universis
673 1946 787 2001 sancte
801 1937 915 2000 matris
931 1936 1069 1999 ecclesie
1085 1934 1160 1997 filiis
1175 1935 1217 1998 ad
1231 1956 1315 2017 quos
1328 1956 1463 2019 presens

207 2039 367 2121 scripturn
385 2040 571 2121 pervenerit
589 2040 691 2124 Hugo
708 2041 772 2105 Dei
787 2042 895 2123 gratia
914 2040 1156 2103 Lincolniensis
1174 2040 1361 2121 Episcopus
1377 2050 1461 2103 eter-

209 2162 283 2206 nam
306 2144 341 2205 in
366 2141 505 2205 domino
528 2143 680 2207 salutern.
730 2145 870 2207 Noverit
895 2144 1091 2207 universitas
1114 2152 1224 2205 vestra
1246 2163 1306 2204 nos
1327 2142 1370 2205 ad
1393 2164 1465 2225 pre-

209 2248 431 2310 sentationem
449 2247 587 2310 Roberti
607 2248 728 2323 Morin,
742 2248 880 2311 Roberti
897 2248 940 2311 de
958 2247 1070 2331 Legh',
1080 2246 1146 2310 and
1160 2247 1292 2310 Thome
1306 2245 1465 2329 Salvagii,

210 2362 424 2431 patronorum
440 2351 579 2415 ecclesie
598 2351 640 2415 de
658 2353 794 2429 Estone,
809 2351 969 2415 dilectum
992 2352 1023 2413 in
1042 2351 1175 2415 Christo
1197 2348 1310 2426 filium,
1328 2352 1463 2413 Petrum

209 2454 427 2537 capellanum,
465 2454 507 2516 ad
545 2456 688 2519 eandem
724 2454 896 2518 admisisse
931 2454 1105 2517 ecclesiam
1141 2454 1317 2536 ipsumque
1356 2456 1388 2516 in
1425 2475 1465 2517 ea

209 2558 367 2621 canonice
394 2558 576 2622 instituisse
607 2579 803 2641 personam;
838 2558 937 2622 salvis
968 2559 1001 2620 in
1032 2557 1188 2620 omnibus
1217 2557 1462 2640 episcopalibus

210 2660 505 2724 consuetudinibus
519 2671 554 2725 et
572 2661 814 2725 Lincolniensis
834 2662 973 2725 ecclesie
992 2661 1165 2743 dignitate.
1212 2660 1312 2743 Quod
1336 2672 1372 2723 ut
1392 2682 1464 2744 per·

210 2773 343 2845 petuam
367 2764 519 2847 optineat
542 2764 745 2841 firmitatem,
765 2785 900 2846 presens
924 2766 1083 2846 scriptum
1106 2763 1202 2847 sigilli
1227 2764 1331 2827 nostri
1356 2766 1462 2827 muni-

210 2868 294 2931 mine
316 2866 480 2929 duximus
504 2868 735 2932 roborandum.
784 2867 859 2930 Hiis
879 2867 1029 2943 testibus,
1047 2867 1210 2950 Magistro
1228 2867 1401 2949 Stephano
1421 2867 1463 2931 de

210 2970 368 3035 Cicestria
390 2971 573 3053 capellano,
597 2973 761 3055 Magistro
784 2971 956 3035 Willelmo
978 2971 1020 3034 de
1046 2970 1219 3034 Lincolnia
1241 2981 1276 3034 et
1302 2973 1398 3034 Petro
1421 2972 1464 3035 de

211 3072 383 3151 Bathonia,
398 3076 568 3138 canonicis
586 3075 883 3152 Lincolniensibus,
901 3075 1071 3157 Magistris
1092 3074 1261 3137 Willelmo
1281 3074 1324 3137 de
1344 3075 1465 3140 Cantia

210 3187 240 3240 et
261 3178 447 3241 Amaurico
469 3178 513 3243 de
536 3179 729 3262 Bugedene,
745 3179 881 3244 Olivero
903 3179 947 3242 de
970 3177 1146 3242 Chedneto
1169 3190 1203 3243 et
1226 3179 1398 3243 Willelmo
1421 3180 1463 3243 de

210 3278 464 3345 Winchelcumb
487 3283 621 3346 clericis,
669 3284 759 3346 Data
784 3304 843 3366 per
874 3303 1010 3345 manum
1035 3281 1166 3344 Thorne
1190 3282 1232 3345 de
1258 3282 1463 3358 Fiskertorre,

210 3386 357 3448 canonici
386 3386 640 3463 Lincolniensis,
663 3387 753 3470 apud
782 3387 1022 3470 Spaldewiche,
1046 3386 1278 3449 sextodecimo
1304 3386 1463 3451 kalendas

212 3486 387 3565 Februarii,
402 3490 617 3572 pontificatus
633 3493 736 3555 nostri
753 3511 843 3555 anno
859 3491 1044 3554 undecimo,

212 3830 380 3901 [Cero'ficale
392 3834 454 3885 that
468 3832 591 3887 Wlliam
602 3835 637 3888 de
648 3835 783 3903 Dudeleg’
795 3835 847 3887 lias
862 3835 927 3888 been
944 3834 1089 3887 institulerl
1104 3840 1131 3887 lo
1148 3834 1193 3886 llic
1209 3834 1310 3887 clturclr
1322 3836 1357 3901 os
1367 3834 1467 3887 Hasel-

268 3914 373 3977 basciu
392 3914 454 3967 Feb.
465 3932 505 3978 22,
520 3933 603 3977 1aao,·
620 3932 661 3969 see
666 3920 697 3984 p.
710 3920 764 3983 φά]

292 4034 425 4097 Caura
456 4035 661 4099 Wruusmur
700 4051 749 4099 na
782 4036 1005 4100 Duoonuuo'
1043 4048 1161 4099 suvuu
1201 4048 1378 4099 occussm
1416 4050 1464 4097 ou

215 4134 690 4203 HESELBECHE.—Omnibus
713 4140 803 4223 [etc]
829 4140 932 4222 Hugo
954 4139 1017 4201 Dei
1040 4139 1148 4219 gratia
1169 4137 1259 4200 Linc’
1278 4138 1464 4221 Episcopus

211 4238 348 4303 salutern
374 4242 406 4304 in
431 4242 579 4305 domino.
626 4243 765 4306 Noverit
794 4243 990 4305 universitas
1014 4246 1123 4304 vestra
1146 4262 1207 4303 nos
1230 4241 1272 4304 ad
1297 4251 1463 4323 presenta-

211 4340 329 4407 tionem
355 4344 515 4407 Willelmi
537 4345 662 4409 Burdet
686 4346 820 4428 patroni
843 4346 982 4409 ecclesie
1005 4344 1047 4407 de
1073 4344 1282 4407 Heselbeche
1304 4343 1461 4407 dilectum

212 4442 241 4505 in
263 4446 396 4511 Christo
422 4447 536 4525 filiurn,
568 4449 773 4512 Willelmum
800 4448 842 4512 de
869 4449 1032 4531 Dudeleg'
1057 4448 1221 4523 clericum,
1249 4447 1290 4510 ad
1317 4447 1460 4511 eandem

210 4548 379 4613 ecclesiam
397 4550 574 4614 admisisse
591 4552 767 4634 ipsumque
788 4553 822 4615 in
837 4574 878 4615 ea
892 4552 1052 4614 canonice
1070 4570 1244 4633 personam
1263 4551 1463 4628 instituisse;

212 4651 304 4715 salvis
330 4656 364 4716 in
393 4654 550 4717 omnibus
573 4656 820 4739 episcopalibus
844 4654 1140 4719 consuetudinibus
1164 4663 1197 4717 et
1223 4653 1463 4717 lincolniensis

212 4755 342 4821 ecclesie
365 4758 540 4840 dignitate.
587 4758 689 4842 Quod
714 4770 750 4822 ut
774 4770 968 4841 perpetuam
993 4759 1143 4840 optineat
1168 4756 1368 4833 firmitatem,
1391 4779 1462 4839 pre-

212 4861 291 4921 senti
307 4861 433 4943 scripto
455 4863 601 4944 sigillum
624 4873 775 4926 nostrum
797 4862 959 4925 duximus
979 4860 1225 4944 apponendum.
1274 4860 1350 4922 Hiis
1371 4862 1463 4924 testi-

460 5050 467 5079 ¹
483 5049 536 5102 But
549 5050 596 5103 the
608 5050 659 5102 roll
671 5050 750 5103 deals
762 5051 827 5117 only
839 5051 906 5102 with
921 5049 1211 5116 Northamptonshire.
