3609 5642
571 580 749 676 Episcopi
762 580 1045 654 Lincolniensis.
1390 604 1458 674 243

288 823 420 887 Canis
461 822 687 887 Hosrrmcrs
721 823 946 905 Jcnusncnu
981 836 1099 887 susan
1141 830 1210 886 xc·
1230 836 1373 887 socrnrs
1411 836 1461 886 nn

207 939 381 991 scccnsm
398 940 448 989 ns
466 927 684 1003 Horiscoss,
699 925 853 989 scribitur
868 947 887 990 a
903 936 1006 1010 tergo.

288 1205 359 1289 [On
375 1206 430 1269 the
444 1205 535 1269 dorse
548 1203 618 1287 .·—]

206 1338 244 1405 [A
259 1339 416 1392 relaxator»
433 1339 470 1407 of
481 1342 611 1407 perram,
629 1338 709 1391 asin
730 1356 800 1400 1221,
819 1341 846 1390 to
862 1337 939 1391 those
955 1337 1019 1391 who
1035 1338 1186 1391 contnbute
1202 1343 1230 1391 to
1248 1338 1335 1407 Sulby
1353 1339 1463 1409 Abbey,·

259 1419 482 1488 Jnly31,1231.]

287 1539 486 1605 “Omnibus
509 1550 570 1604 etc.
617 1540 670 1603 De
687 1540 751 1604 Dei
776 1541 1012 1617 misericordia,
1034 1540 1178 1622 gloriose
1198 1541 1334 1625 virginis
1357 1542 1462 1605 Marie

205 1643 289 1720 etc,’'
304 1665 369 1727 pro
384 1644 588 1708 monasterio
602 1642 645 1707 de
662 1644 797 1726 Suleby,
811 1656 848 1707 ut
864 1664 965 1727 supra
981 1664 1070 1707 anno
1087 1646 1149 1708 xix
1167 1666 1227 1728 pro
1242 1645 1373 1722 eodem,
1385 1666 1461 1709 cum

206 1747 392 1828 adjectione
422 1750 517 1813 istius
536 1749 683 1813 clausule
697 1749 996 1814 :-“Concedimus
1014 1750 1116 1813 etiam
1136 1759 1299 1831 quantum
1317 1751 1349 1813 in
1367 1750 1462 1815 nobis

206 1854 359 1935 estquod
376 1853 495 1917 iratres
511 1854 614 1918 nostri
631 1854 779 1936 episcopi
796 1874 874 1916 suas
889 1852 932 1916 ad
950 1854 983 1916 id
1000 1855 1027 1916 si
1044 1854 1209 1917 voluerint
1225 1855 1398 1918 conserant
1414 1856 1462 1917 in·

207 1956 403 2037 dulgentias.
451 1957 541 2020 Data
564 1957 654 2040 apud
680 1957 923 2041 Emingworde
947 1978 1006 2039 per
1029 1978 1165 2021 manum
1196 1958 1234 2021 R.
1262 1958 1305 2021 de
1331 1957 1462 2020 Warra-

206 2060 287 2137 ville,
301 2062 457 2125 canonici
476 2061 728 2138 Lincolniensis,
743 2060 892 2124 secundo
908 2060 1070 2125 kaldndas
1085 2060 1231 2144 Augusti
1249 2060 1463 2145 pontificatus

208 2166 305 2227 nostri
322 2184 415 2228 anno
431 2164 533 2227 xxii.'’

205 2438 239 2502 [Α
257 2440 456 2508 confirmation
473 2438 506 2507 by
523 2439 570 2491 the
585 2438 693 2507 Bishop
710 2440 746 2508 os
758 2444 814 2492 two
829 2438 984 2506 exchanges
1001 2440 1037 2507 os
1053 2440 1125 2492 land
1142 2440 1260 2493 between
1284 2438 1409 2493 Wr'lliam
1429 2440 1463 2493 de

265 2522 369 2574 Insula
379 2522 441 2574 ond
448 2522 494 2575 the
503 2528 592 2577 rector
599 2524 634 2591 os
640 2523 797 2591 Brampton
808 2523 890 2585 Asin
906 2524 983 2591 Aug.
993 2541 1018 2589 3,
1030 2525 1115 2590 1251]

289 2640 462 2706 Omnibus
476 2651 538 2706 etc.
586 2642 629 2705 H.
648 2642 711 2706 Dei
728 2642 836 2726 gratia
854 2642 1098 2705 Lincolniensis
1117 2643 1295 2724 episcopus
1317 2641 1460 2705 salutem

206 2744 238 2805 in
254 2744 414 2809 Domino
465 2746 678 2827 inspeximus
698 2756 824 2809 cartam
842 2746 1003 2809 Willelmi
1024 2744 1081 2808 filii
1105 2745 1262 2809 Willelmi
1283 2744 1326 2809 de
1350 2746 1464 2809 lnsula

207 2848 435 2913 continentem
455 2848 546 2932 quod
567 2848 656 2913 idem
678 2849 867 2914 Willelmus
889 2849 992 2926 dedit,
1012 2850 1176 2913 concessit
1200 2861 1234 2914 et
1254 2848 1472 2914 confirmavit.

209 2952 279 3016 Deo
292 2964 329 3017 et
345 2953 486 3017 ecclesie
501 2963 617 3017 sancte
633 2954 741 3017 Marie
756 2954 799 3017 de
816 2954 1023 3037 Bramptone
1039 2964 1073 3018 et
1089 2954 1220 3018 Thome
1236 2954 1355 3017 rectori
1377 2952 1463 3034 ejus-

207 3054 278 3119 dem
294 3056 439 3120 ecclesie
455 3066 489 3119 et
504 3058 751 3121 successoribus
766 3059 835 3120 suis
854 3068 963 3121 totum
981 3057 1119 3120 boscum
1137 3078 1233 3121 suum
1250 3058 1306 3138 qui
1325 3068 1464 3121 vocatur

209 3158 536 3241 lauedibradegates
574 3169 609 3223 et
646 3180 750 3224 unum
788 3161 962 3224 sellionem
1001 3180 1101 3243 super
1139 3160 1169 3223 le
1209 3161 1332 3236 Pottes,
1362 3180 1462 3242 quem

208 3262 366 3327 Griffinus
382 3264 498 3340 tenuit,
513 3264 570 3345 qui
585 3264 675 3345 jacet
691 3266 777 3328 inter
792 3276 914 3327 terram
931 3263 1091 3327 Willelmi
1104 3264 1281 3328 Briselanc’
1291 3274 1325 3328 et
1341 3274 1462 3328 terram

208 3365 354 3431 Simonis
377 3367 421 3431 de
445 3366 596 3449 Naveby,
619 3369 652 3430 in
675 3369 846 3432 escambio
869 3367 1044 3449 cujusdam
1069 3368 1160 3430 bosci
1184 3368 1240 3449 qui
1272 3378 1410 3431 vocatur
1433 3368 1463 3432 le

209 3469 321 3547 Holes,
345 3473 403 3553 qui
427 3470 616 3554 pertinebat
638 3472 681 3535 ad
705 3473 880 3535 ecclesiam
905 3472 949 3535 de
973 3472 1201 3555 Bramptone;
1234 3470 1406 3534 habendos
1429 3481 1463 3535 et

207 3576 370 3639 tenendos
386 3576 534 3657 predicte
549 3575 688 3639 ecclesie
703 3586 736 3639 et
759 3576 911 3659 predicto
926 3575 1058 3639 Thome
1077 3586 1112 3639 et
1131 3575 1376 3639 successoribus
1395 3576 1463 3637 suis

207 3678 251 3741 ita
265 3679 371 3743 libere
385 3687 420 3742 et
436 3680 550 3761 quiete
564 3689 599 3742 et
610 3680 768 3761 paciffice,
783 3682 869 3743 sicut
879 3678 1030 3762 predicta
1046 3679 1185 3743 ecclesia
1201 3680 1243 3743 de
1257 3679 1463 3762 Bramptone

208 3783 393 3863 predictum
418 3782 556 3845 boscum
580 3784 637 3864 qui
657 3792 794 3846 vocatur
817 3784 848 3845 le
871 3782 977 3845 Holes
997 3782 1199 3865 possidebat.
1249 3781 1462 3864 lnspeximus

206 3887 304 3949 etiam
330 3897 457 3950 cartam
481 3885 632 3967 ejusdem
657 3886 816 3951 Willelmi
839 3887 883 3949 de
910 3887 1022 3951 lnsula
1050 3906 1233 3969 perquam
1259 3885 1361 3962 dedit,
1384 3907 1462 3949 con-

207 3992 302 4054 cessit
318 4002 354 4053 et
370 3974 581 4054 confirmavit
600 3990 692 4055 dicto
708 3990 848 4068 Thome,
864 3992 982 4055 rectori
1002 3990 1142 4055 ecclesie
1161 4000 1277 4053 sancte
1295 3990 1400 4053 Marie
1420 3990 1463 4054 de

209 4092 421 4177 Bramptone,
436 4102 546 4157 totum
564 4091 720 4157 riffletum
739 4114 836 4157 suurn
856 4094 948 4177 quod
969 4093 1056 4157 idem
1082 4092 1269 4156 Willelmus
1291 4092 1408 4156 habuit
1428 4094 1461 4156 in

209 4196 378 4281 Holegate
406 4218 451 4260 ex
479 4197 616 4261 australi
641 4208 735 4280 parte
766 4197 881 4260 fossati
912 4198 971 4273 sui,
1001 4206 1036 4259 et
1067 4194 1222 4260 riffletum
1250 4216 1346 4259 suum
1371 4198 1461 4278 quod

207 4300 321 4364 habuit
344 4301 434 4383 apud
460 4300 634 4383 Fildegate
658 4310 692 4363 et
718 4301 809 4382 quod
834 4300 925 4382 jacet
950 4302 1036 4363 inter
1058 4298 1214 4362 riffletum
1241 4300 1378 4362 Henrici
1405 4299 1461 4363 filii

208 4403 340 4468 Ricardi
371 4415 406 4468 et
437 4403 592 4469 riffletum
623 4404 714 4486 quod
745 4405 915 4487 predictus
946 4403 1095 4467 Thomas
1126 4404 1243 4467 habuit
1268 4402 1311 4467 de
1341 4404 1461 4467 eodem

208 4506 377 4573 Willelmo
393 4509 426 4573 in
445 4510 622 4593 Holegate,
637 4520 671 4572 et
687 4510 838 4572 continet
854 4530 927 4571 xxv
944 4510 1122 4590 perticatas
1138 4507 1180 4572 de
1192 4508 1317 4589 pertica
1332 4507 1460 4570 domini

209 4611 318 4696 Regis,
333 4613 460 4677 scilicet
475 4613 518 4677 de
534 4616 661 4697 pertica
677 4635 750 4676 xxv
766 4614 901 4696 pedum,
916 4613 959 4676 de
980 4611 1189 4695 longitudine
1211 4622 1245 4674 et
1268 4612 1459 4693 quindecim

208 4720 383 4799 perticatas
399 4718 442 4781 de
463 4718 648 4794 latitudine,
664 4718 697 4779 in
721 4716 891 4780 escambio
915 4716 1017 4779 totius
1039 4713 1148 4778 riffleti
1169 4714 1308 4797 predicti
1329 4715 1461 4780 Thome

207 4821 292 4903 quod
310 4823 430 4885 habuit
446 4824 478 4884 in
499 4822 530 4886 le
547 4822 668 4885 Nabbe
688 4822 720 4883 in
741 4820 870 4903 campis
889 4820 933 4884 de
950 4820 1155 4901 Bramptone
1177 4831 1212 4883 et
1235 4820 1266 4881 in
1291 4821 1460 4883 escambio

207 4925 379 5007 cujusdam
403 4923 513 4989 riffleti
535 4925 626 5008 quod
654 4925 823 5008 predictus
847 4924 997 4987 Thomas
1022 4923 1139 4987 habuit
1166 4923 1199 4985 in
1230 4921 1398 5006 Holegate
1426 4939 1460 4988 et

205 5028 290 5107 jacet
304 5031 392 5094 inter
410 5029 663 5093 Derobueshille
678 5040 712 5092 et
728 5028 884 5091 riffletum
901 5027 981 5091 dicti
1000 5025 1050 5089 W.
1067 5025 1110 5089 de
1126 5025 1238 5089 lnsula
1254 5035 1288 5088 et
1303 5027 1461 5091 extendit

1348 5146 1367 5185 n
1379 5148 1394 5185 2
