3609 5642
361 576 379 623 2
386 559 432 645 56
711 552 851 624 Rotulz'
866 551 1045 649 Hugonz's
1062 552 1105 623 rle
1129 551 1266 623 Welles

360 814 434 857 mee
450 794 500 857 vel
517 794 654 858 alterius
669 793 712 857 ad
729 794 973 858 consessionem
998 794 1047 858 vel
1070 793 1205 876 aliquod
1227 802 1473 856 sacramentum
1490 792 1623 855 ecclesi-

360 898 502 961 asticum
528 898 674 980 recipiet,
701 918 762 961 nec
788 898 924 980 aliquod
951 897 1005 977 jus
1031 898 1293 961 ecclesiasticum
1322 897 1420 960 alicui
1449 897 1623 979 impendet

360 1001 423 1063 nisi
441 1001 474 1063 in
491 1001 631 1064 articulo
647 1002 866 1078 necessitatis,
881 1003 986 1064 immo
1006 1002 1097 1083 quod
1120 1001 1292 1065 matricem
1314 1001 1491 1065 ecclesiam
1508 1020 1623 1082 supra-

360 1105 487 1168 dictam
510 1106 542 1167 in
564 1103 792 1168 oblationibus
814 1106 938 1169 ibidem
963 1106 1270 1188 quomodocunque
1293 1106 1567 1187 provenientibus
1588 1114 1623 1167 et

361 1210 443 1273 alias
459 1209 616 1273 ecclesias
633 1211 666 1272 in
687 1208 879 1290 hujusmodi
900 1211 1058 1274 omnibus
1078 1221 1112 1273 et
1132 1210 1214 1286 aliis,
1229 1209 1404 1292 quantum¹
1424 1210 1456 1271 in
1474 1210 1548 1291 ipso
1563 1218 1623 1281 est,

361 1313 571 1376 conservabit
595 1313 801 1395 indempnes.
848 1313 1049 1396 Sepedictus
1072 1334 1150 1376 vero
1176 1312 1340 1376 Radulfus
1363 1324 1397 1376 et
1420 1312 1560 1376 heredes
1584 1333 1622 1374 ac

361 1437 568 1479 successores
584 1418 633 1479 sui
650 1427 684 1479 et
699 1438 814 1479 eorum
828 1416 955 1479 familia
973 1416 1122 1499 predicta
1135 1417 1209 1497 jure
1222 1416 1403 1499 parochiali
1418 1418 1451 1478 in
1465 1416 1621 1478 omnibus

360 1520 499 1583 ecclesie
527 1521 656 1582 matrici
683 1521 832 1602 predicte
855 1530 1016 1603 tanquam
1045 1521 1237 1603 parochiani
1262 1518 1403 1599 subjecti
1428 1529 1535 1595 erunt,
1558 1518 1620 1583 hoc

361 1623 477 1708 solum⁸
491 1633 636 1706 excepto
655 1622 746 1705 quod
769 1644 835 1686 non
859 1634 1022 1706 cogentur
1045 1626 1078 1686 in
1101 1643 1142 1687 ea
1164 1622 1277 1686 divina
1299 1623 1415 1686 audire
1437 1623 1488 1687 vel
1513 1624 1620 1705 ipsam

361 1718 436 1790 cum
461 1726 687 1796 oblationibus
710 1728 843 1791 visitare
868 1729 930 1790 nisi
953 1727 1072 1790 diebus
1099 1726 1304 1809 subscriptis
1325 1727 1388 1789 nisi
1412 1726 1467 1789 die
1491 1726 1621 1789 Natalis

363 1830 511 1906 Domini,
536 1831 787 1907 Purificationis,
810 1832 944 1908 Pascbe,
966 1830 1152 1894 Pentecost’
1171 1841 1206 1893 et
1226 1828 1388 1894 Omnium
1411 1830 1620 1895 Sanctorum.

363 1934 409 1998 Et
445 1935 472 1997 si
512 1934 605 2011 forte,
635 1934 727 2017 quod
766 1935 861 2013 absit,
892 1957 951 2018 per
988 1936 1097 2017 ipsum
1129 1936 1340 2017 capellanum
1371 1935 1422 1997 vel
1454 1934 1621 2017 predictos

363 2036 545 2101 Radulfum
585 2047 643 2100 aut
682 2037 821 2102 heredes
859 2039 909 2101 vel
943 2060 1149 2101 successores
1181 2039 1284 2121 ipsius
1316 2038 1465 2121 predicta
1497 2038 1619 2102 matrix

361 2141 502 2206 ecclesia
535 2140 777 2224 dampnificata
809 2141 905 2206 suerit
944 2144 977 2205 in
1009 2142 1122 2224 aliquo
1152 2143 1389 2224 premissorum
1420 2152 1454 2205 et
1484 2140 1528 2205 de
1558 2142 1620 2205 hoc

361 2245 522 2307 canonice
552 2245 748 2322 constiterit,
777 2255 906 2308 extunc
936 2246 1065 2327 capella
1096 2245 1245 2328 predicta
1276 2246 1420 2309 cessabit
1450 2266 1469 2307 a
1500 2244 1619 2308 divinis

361 2348 469 2411 donec
493 2348 632 2411 ecclesie
658 2350 787 2412 matrici
814 2349 1005 2432 supradicte
1027 2358 1260 2431 competenter
1282 2348 1381 2413 suerit
1404 2348 1620 2413 satisfactum.

366 2453 404 2515 ln
430 2452 529 2532 hujus
555 2453 655 2534 igitur
679 2454 905 2516 concessionis
933 2474 1006 2516 mee
1031 2465 1065 2515 et
1092 2452 1363 2528 confirmationis
1387 2463 1550 2535 quantum
1577 2453 1619 2516 ad

364 2568 474 2619 meet
497 2555 635 2620 heredes
659 2578 697 2620 ac
721 2577 927 2620 successores
952 2577 1044 2620 meos
1069 2558 1221 2639 pertinet,
1245 2568 1443 2639 perpetuum
1469 2557 1569 2619 robur
1588 2565 1622 2619 et

363 2659 593 2723 testimonium
615 2662 759 2742 presenti
782 2662 906 2743 scripto
926 2661 1072 2743 sigillum
1094 2681 1204 2723 meum
1226 2662 1376 2743 apposui,
1392 2660 1455 2723 hiis
1471 2661 1622 2735 testibus,

366 2762 518 2826 Roberto
555 2763 598 2825 de
630 2764 819 2840 Bolesoure,
849 2764 1033 2847 capellan0,
1066 2764 1229 2846 Magistro
1269 2765 1307 2827 R.
1339 2764 1381 2827 de
1419 2764 1622 2839 Wendoure,

366 2866 511 2930 Ricardo
527 2866 570 2930 de
592 2866 739 2945 Oxonia,
754 2879 789 2931 et
808 2867 941 2931 Thoma
960 2866 1003 2931 de
1024 2867 1175 2950 Askeby,
1190 2868 1360 2931 canonicis
1381 2867 1621 2931 Lincolniensi-

365 2969 436 3045 buS,
454 2970 618 3052 Magistro
635 2970 676 3033 A.
693 2971 736 3034 de
753 2972 928 3048 Arundell,
948 2972 986 3036 G.
1003 2972 1046 3035 de
1067 2972 1180 3047 MoriS,
1200 2971 1227 3053 J.
1247 2971 1291 3034 de
1311 2970 1505 3046 Crakehale,
1526 2971 1559 3035 S.
1579 2970 1621 3035 de

364 3073 684 3150 Caste110‚R0bert0
699 3075 742 3138 de
759 3075 961 3139 Bernewelle
976 3086 1010 3140 et
1028 3076 1214 3159 Reginalde
1229 3075 1272 3138 de
1290 3074 1476 3157 Ailington,
1487 3075 1622 3143 clericis

365 3178 559 3241 Baldewino
582 3179 625 3241 de
648 3178 717 3242 Ver
739 3189 773 3241 et
798 3180 836 3241 R.
862 3178 930 3242 lilio
951 3178 1023 3259 ejus
1048 3180 1216 3255 militibus,
1239 3179 1267 3260 J.
1291 3178 1334 3242 de
1358 3178 1556 3262 Adlington,
1582 3180 1621 3242 Α.

365 3280 432 3343 lilio
454 3281 671 3366 Reg[inaldi]‚
686 3294 721 3345 et
742 3284 780 3345 R.
798 3282 866 3345 filio
887 3283 1026 3347 Walteri
1049 3284 1092 3347 de
1118 3282 1328 3365 Pokebdoc}
1352 3283 1461 3346 liberis
1481 3284 1621 3346 homini·

365 3384 452 3447 bus,''
514 3384 587 3448 Nos
617 3397 728 3449 autem
764 3397 974 3468 prenotatam
1007 3386 1087 3449 dicti
1121 3386 1259 3450 Roberti
1291 3387 1320 3449 le
1353 3386 1515 3469 Flemeng
1545 3407 1621 3450 con-

364 3490 548 3552 cessionem
566 3499 671 3552 ratam
695 3489 857 3553 habentes
876 3500 910 3553 et
930 3502 1070 3571 gratam,
1089 3510 1164 3552 eam
1185 3489 1365 3571 episcopali
1386 3490 1622 3553 confirmamus

364 3593 586 3667 auctoritate;
624 3593 724 3655 salvis
754 3604 815 3656 etc.
877 3592 978 3675 Quod
1014 3603 1050 3655 ut
1080 3604 1151 3668 etc,
1181 3592 1244 3655 hiis
1275 3593 1424 3669 testibus,
1455 3593 1622 3676 Joscelino

367 3696 583 3759 Bathoniensi
600 3698 766 3779 episcopo,
778 3696 957 3769 Willelm0,
974 3696 1175 3771 subdecane,
1187 3696 1337 3759 Roberto
1348 3696 1391 3761 de
1405 3696 1622 3781 Bole[soure]‚

365 3800 549 3881 capellan0,
571 3800 742 3883 Magistris
767 3801 818 3863 W.
841 3802 884 3865 de
908 3801 1148 3865 Wermenistre
1171 3812 1205 3864 et
1227 3801 1264 3865 R.
1286 3800 1328 3863 de
1349 3801 1551 3879 Wendoure,
1572 3802 1622 3865 W.

365 3903 408 3966 de
434 3902 704 3981 Winchecumbe,
725 3903 764 3967 R.
785 3903 828 3967 de
849 3904 996 3980 Oxonia‚
1015 3915 1049 3967 et
1069 3904 1203 3966 Thoma
1222 3903 1264 3966 de
1285 3903 1435 3985 Aslreby,
1455 3905 1623 3967 canonicis

367 4006 667 4082 LincolniensibuS,
694 4008 858 4091 Magistro
890 4008 931 4071 A.
962 4007 1004 4070 de
1038 4007 1211 4083 Arundell,
1242 4006 1280 4070 G.
1312 4005 1355 4070 de
1387 4006 1499 4084 Moris,
1526 4008 1554 4090 J.
1581 4008 1623 4070 de

366 4109 552 4173 Cralrehale
574 4122 608 4173 et
632 4110 665 4174 S.
682 4110 725 4173 de
749 4111 904 4186 Castello,
927 4111 1063 4173 clericis.
1110 4110 1200 4173 Data
1222 4109 1312 4192 apud
1339 4109 1543 4193 Buggedene
1567 4132 1624 4194 per

367 4234 503 4276 manum
532 4214 571 4276 R.
596 4213 639 4276 de
665 4213 869 4291 Warreville,
893 4215 1044 4277 canonici
1075 4213 1326 4289 Lincolniensis,
1351 4214 1449 4275 nonis
1474 4213 1623 4295 Januarii

367 4316 582 4400 pontificatus
598 4319 701 4380 nostri
718 4337 807 4380 anno
824 4318 919 4379 xxiii.

932 4454 1060 4467 —-

365 4554 438 4623 [The
447 4560 607 4623 agreement
616 4553 734 4606 between
747 4553 860 4622 Ralfde
874 4553 1042 4607 Tmblevr'lle
1053 4553 1114 4607 and
1131 4553 1231 4605 Roberl
1240 4553 1266 4605 le
1278 4552 1425 4621 Flenreng,
1441 4556 1547 4620 patron
1566 4554 1626 4605 aad

425 4640 533 4704 parson
544 4635 579 4704 os
585 4634 756 4695 Polebrooke,
765 4638 932 4703 conceming
943 4651 960 4686 a
971 4635 1096 4701 hospital
1106 4634 1198 4686 which
1211 4634 1256 4687 the
1263 4634 1372 4699 [ωηεν
1380 4634 1491 4687 wished
1498 4640 1526 4691 lo
1534 4634 1626 4701 found

431 4721 463 4769 at
472 4716 641 4779 Armcstone,
655 4717 685 4768 in
697 4716 742 4769 the
748 4716 851 4784 parisi
863 4716 898 4784 os
905 4715 1086 4777 Polcbrooke,
1098 4715 1187 4783 April
1198 4733 1235 4780 13,
1248 4718 1334 4780 ηρ]

454 4818 623 4883 Omnibus
645 4827 705 4881 etc.
753 4819 893 4883 Noverit
918 4818 1114 4881 universitas
1137 4830 1247 4881 vestra
1270 4817 1359 4900 quod
1384 4838 1460 4879 cum
1484 4816 1623 4881 dilectus

876 5022 881 5047 ¹
899 5016 1049 5084 '‘Quanto'',
1065 5014 1124 5066 MS.
