3609 5642
594 536 771 633 Episcopi·
795 534 1078 609 Lincolniensz's.
1399 558 1460 605 111

200 779 243 843 de
269 799 359 842 novo
384 778 586 842 contulimus
616 795 675 859 per
702 795 837 839 manum
869 775 950 839 dicti
980 776 1144 857 Johannis
1174 784 1207 838 et
1238 796 1466 839 successorum

201 903 337 947 suorum
359 883 496 946 nomine
517 881 666 964 perpetui
687 879 837 944 beneficii
858 880 1033 942 annuatim
1054 879 1284 961 percipiendis,
1304 899 1464 942 unacum

201 987 318 1052 decem
347 986 462 1050 solidis
483 986 602 1049 annuis
622 1005 706 1067 quos
726 985 816 1066 prius
836 983 879 1046 de
898 982 1017 1046 eadem
1038 982 1177 1047 ecclesia
1197 983 1367 1065 percipere
1388 1003 1465 1045 con-

201 1099 390 1155 sueverunt.
438 1089 483 1153 Et
515 1088 711 1152 mandatum
742 1099 802 1164 est,
826 1097 888 1151 etc.
936 1087 1013 1149 Non
1040 1086 1203 1150 habemus
1234 1086 1361 1150 litteras
1392 1105 1465 1170 pre-

201 1192 410 1258 scotationis.

200 1517 288 1586 [John
307 1517 341 1570 de
360 1515 528 1586 Eynesltam,
550 1516 691 1584 chaplat'n,
710 1517 735 1568 is
752 1513 899 1568 instituted
916 1519 943 1566 to
962 1515 1008 1568 the
1019 1516 1168 1582 perpetrat
1182 1516 1314 1585 vt'carage
1331 1518 1367 1586 os
1373 1517 1469 1570 Earls

268 1598 381 1662 Baeton„
394 1613 431 1650 on
443 1597 684 1674 thepresentation
695 1598 731 1666 of
738 1596 832 1664 Ralplt
844 1596 879 1650 de
892 1597 1037 1665 Tynemue,
1050 1597 1096 1650 tlte
1102 1598 1228 1666 parson]

290 1741 684 1824 BARTON’.-Johannes
710 1741 753 1805 de
775 1740 979 1823 Eynesham,
1002 1740 1227 1824 cappellanus,
1258 1752 1468 1825 presentatus

201 1867 262 1931 per
278 1846 460 1910 Radulfum
477 1846 520 1910 de
530 1847 706 1929 Tynemue
719 1865 896 1928 personam
909 1844 1048 1908 ecclesie
1058 1845 1100 1908 de
1118 1846 1242 1909 Barton
1255 1846 1297 1909 ad
1311 1848 1466 1910 vicariam

200 1950 353 2033 ejusdem
369 1950 516 2027 ecclesie,
531 1950 574 2014 de
589 1970 753 2014 consensu
771 1948 955 2012 Abbatisse
969 1958 1003 2012 et
1019 1958 1203 2013 conventus
1220 1949 1344 2014 Sancte
1362 1952 1468 2014 Marie

199 2054 244 2118 de
269 2055 373 2137 pratis
401 2053 502 2136 juxta
528 2054 773 2136 Norhampton,
799 2053 887 2115 sacta
909 2053 999 2135 prius
1025 2053 1239 2134 inquisitione
1265 2073 1324 2136 per
1349 2054 1467 2117 Archi·

199 2159 381 2222 diaconum
414 2159 690 2242 Norhamptonie,
721 2167 792 2235 etc,
825 2157 992 2220 admissus
1029 2167 1080 2220 est
1110 2168 1145 2222 et
1175 2158 1209 2220 in
1240 2178 1280 2221 ea
1307 2160 1468 2222 canonice

201 2263 345 2326 vicarius
383 2272 563 2345 perpetuus
602 2262 782 2362 institptus
831 2260 877 2324 Et
908 2261 1062 2324 consistit
1092 2260 1148 2323 illa
1178 2261 1300 2324 vicaria
1330 2263 1364 2324 in
1395 2272 1468 2326 toto

199 2365 364 2448 altaragio
379 2364 529 2447 ejusdem
546 2364 685 2428 ecclesie
700 2372 734 2427 et
752 2364 784 2426 in
801 2383 869 2426 uno
896 2384 1015 2426 manso
1030 2372 1253 2446 competente,
1268 2374 1302 2428 et
1318 2375 1468 2447 preterea

200 2470 235 2532 in
256 2469 387 2533 redditu
408 2470 505 2532 unius
526 2489 637 2532 marce
656 2467 795 2550 singulis
815 2468 912 2531 annis
937 2466 1127 2549 recipiendo
1146 2467 1189 2532 de
1215 2467 1346 2532 redditu
1367 2490 1466 2551 quem

200 2573 321 2638 Simon
336 2571 379 2636 de
397 2573 537 2637 Landen
553 2573 655 2637 debet
677 2591 737 2655 pro
758 2580 845 2635 terra
863 2591 965 2652 quam
985 2580 1084 2635 tenet.
1132 2570 1178 2635 Et
1198 2573 1395 2637 mandatum
1416 2583 1468 2638 est

199 2677 461 2756 Archidiacono,
477 2686 539 2742 etc.

197 2999 327 3068 [Vastan.
347 2999 427 3064 clerk,
451 3015 502 3053 son
525 3001 561 3069 os
572 2999 670 3067 Roger,
695 3000 720 3052 is
742 2998 888 3052 instituted
909 3003 936 3051 to
957 2998 1003 3052 tlte
1021 2999 1123 3053 church
1140 3000 1176 3068 os
1195 3000 1341 3069 Edgecote.
1364 3017 1400 3055 on
1423 3001 1469 3056 tlte

260 3083 451 3150 presentatt'tm
460 3082 496 3150 of
512 3081 692 3135 Theobaldde
703 3081 806 3135 Breute
817 3081 878 3133 and
886 3080 1012 3134 Matilda
1023 3081 1069 3134 his
1079 3082 1168 3150 wasa]

291 3217 724 3282 ECHECOTT’.—Vivianus
748 3216 834 3280 filius
860 3217 993 3300 Rogeri,
1008 3217 1154 3296 clericus,
1179 3227 1387 3300 presentatus
1411 3241 1470 3304 per

198 3321 411 3386 Teobaldum
429 3321 472 3385 de
489 3322 610 3385 Breute
634 3321 775 3385 militem
793 3321 921 3384 ratione
937 3321 1026 3384 dotis
1044 3320 1185 3385 Matilde
1208 3324 1322 3385 uxoris
1345 3344 1404 3387 sue
1425 3325 1468 3389 ad

197 3424 376 3490 ecclesiam
393 3424 436 3489 de
454 3425 636 3503 Echecott',
653 3426 742 3489 facta
759 3426 849 3507 prius
872 3425 1088 3507 inquisitione
1111 3444 1168 3508 per
1184 3426 1468 3493 Archidiaconum

199 3529 480 3612 Norhamptonie,
495 3539 566 3606 etc,
588 3548 647 3612 per
669 3549 781 3612 quam,
797 3538 868 3605 etc,
888 3529 1051 3611 susceptis
1075 3530 1177 3592 etiam
1202 3531 1318 3594 litteris
1342 3532 1469 3596 domini

200 3633 307 3716 Regis
324 3632 414 3715 quod
434 3633 513 3697 dicti
534 3632 727 3697 Teobaldus
747 3632 790 3696 de
816 3633 900 3696 Brae
922 3631 995 3716 [sic]
1019 3641 1053 3696 et
1074 3632 1217 3697 Matilda
1237 3655 1323 3697 uxor
1343 3636 1416 3718 ejus
1435 3639 1469 3700 in

199 3737 294 3799 curia
310 3737 414 3820 ipsius
432 3737 559 3800 domini
582 3737 686 3820 Regis
704 3757 817 3799 coram
836 3735 1028 3817 justiciariis
1046 3737 1115 3798 suis
1133 3736 1223 3820 apud
1240 3737 1470 3804 Westmonas-

198 3840 321 3904 terium
343 3859 402 3922 per
423 3839 588 3922 judicium
614 3840 766 3922 ejusdem
786 3841 876 3904 curie
896 3850 1175 3923 recuperaverunt
1194 3842 1352 3905 saisinam
1374 3863 1469 3907 suam

198 3963 315 4007 versus
338 3942 507 4007 Thomam
539 3943 681 4008 Murdac
707 3944 751 4008 de
775 3945 1024 4026 presentatione
1054 3965 1114 4008 sua
1141 3965 1254 4009 versus
1286 3945 1469 4028 predictam

197 4045 386 4126 ecclesiam,
409 4055 480 4125 etc,
511 4048 661 4113 Roberto
690 4048 793 4112 etiam
817 4047 860 4112 de
883 4046 1100 4112 Chaucumbe
1131 4049 1235 4112 milite
1259 4051 1470 4114 renuntiante

195 4150 265 4233 juri
280 4171 343 4213 suo
358 4151 447 4232 quod
464 4151 598 4216 dicebat
622 4173 657 4216 se
676 4152 799 4216 habere
823 4153 856 4215 in
875 4153 995 4216 eadem
1017 4151 1165 4230 ecclesia,
1181 4153 1348 4217 admissus
1366 4165 1417 4218 est
1437 4165 1471 4220 et

197 4255 232 4317 in
248 4274 290 4318 ea
305 4255 466 4318 canonice
483 4273 625 4338 persona
644 4256 816 4319 institutus
831 4277 838 4334 ;
861 4256 909 4319 ita
923 4256 1013 4338 quod
1038 4256 1072 4318 in
1087 4257 1186 4320 scolis
1202 4258 1245 4320 sit
1263 4267 1297 4321 et
1317 4257 1470 4322 addiscat

196 4366 234 4421 et
248 4355 290 4420 ad
309 4356 507 4421 mandatum
518 4357 646 4421 domini
660 4357 822 4441 Episcopi
832 4359 946 4422 veniat
957 4359 990 4420 in
1003 4356 1245 4422 subdiaconum
1257 4359 1471 4425 ordinandus.

197 4461 283 4525 Vult
299 4471 413 4525 tamen
431 4461 587 4525 dominus
604 4462 792 4544 Episcopus
807 4463 837 4525 ei
854 4462 896 4526 ad
919 4470 1053 4543 tempus
1081 4480 1216 4544 parcere
1233 4483 1333 4546 super
1348 4465 1474 4528 ordinis

196 4566 421 4650 susceptione,
446 4566 525 4649 quia
546 4565 680 4648 juvenis
696 4575 749 4629 est
772 4574 807 4630 et
830 4566 976 4629 scolaris.
1023 4565 1069 4628 Et
1093 4567 1290 4630 mandatum
1315 4578 1367 4632 est
1383 4569 1474 4639 dicto

196 4669 450 4734 Archidiacono
463 4670 554 4753 quod
571 4669 754 4734 secundum
772 4669 914 4733 formam
931 4671 1137 4754 premissam,
1152 4679 1213 4738 etc.
