3609 5642
624 551 802 649 Episcopi
816 552 1101 627 Lincolne'ensis.

251 765 290 816 M.
308 778 331 816 2.

234 765 247 831 [
333 764 343 834 1
413 850 552 915 Annus
583 851 751 915 Telemus
785 850 968 916 Ducrnus.
1016 852 1316 915 Bumuuennna.

235 983 338 1050 [Elias
349 983 506 1047 subdeacon,
514 983 662 1051 presented
678 982 711 1051 by
721 983 847 1037 Rt'cteant
861 983 895 1037 de
916 984 1019 1047 Grave,
1032 985 1058 1036 is
1075 985 1221 1038 instituted
1237 990 1265 1037 to
1284 985 1329 1039 rte
1347 984 1448 1038 cleurcle
1464 985 1500 1054 os

303 1065 401 1125 Grave,
412 1066 540 1118 andisto
550 1081 629 1119 sesne
635 1064 802 1134 personolly.
837 1065 883 1117 He
894 1066 920 1117 is
931 1069 958 1118 to
969 1065 998 1118 be
1014 1065 1150 1119 ardoined
1163 1066 1265 1119 Maon
1281 1066 1343 1119 anet
1355 1071 1383 1119 to
1398 1065 1496 1119 attend

300 1147 346 1201 tlte
355 1147 460 1201 schools
461 1149 517 1216 sor
525 1148 600 1201 three
604 1164 694 1216 years.
731 1147 904 1201 Meanwhile
914 1165 932 1200 a
943 1148 1059 1201 suitable
1069 1149 1200 1216 chaplaen
1212 1150 1237 1202 rs
1247 1153 1275 1201 to
1286 1149 1420 1218 afflante]

324 1267 677 1332 Buxaffluonnnno.
725 1266 1014 1344 Genua-Elias,
1030 1268 1264 1345 subdiaconus,
1280 1278 1492 1352 presentatus

236 1391 296 1453 per
313 1371 493 1434 Ricardum
510 1371 553 1434 de
570 1371 681 1435 Grava
697 1371 740 1434 ad
756 1371 931 1434 ecclesiam
948 1371 991 1434 de
1013 1371 1132 1448 Grava,
1149 1371 1237 1435 facta
1254 1374 1343 1454 prius
1360 1373 1494 1454 inquisi-

235 1475 328 1537 tione
345 1495 403 1557 per
420 1474 619 1558 Magistrum
637 1475 709 1551 Th,
725 1473 913 1539 Officialem
932 1473 1169 1538 Archidiaconi
1187 1474 1493 1558 Bukingehamien-

235 1579 290 1653 sis,
305 1588 376 1654 etc,
392 1577 557 1642 admissus
573 1588 633 1655 est,
649 1589 682 1642 et
706 1597 848 1661 persona
871 1578 1052 1655 institutus,
1068 1599 1144 1642 cum
1164 1599 1265 1643 onere
1283 1579 1492 1644 deserviendi

237 1681 270 1743 in
286 1681 396 1745 eidem
413 1681 630 1763 personaliter
646 1682 678 1744 in
695 1681 805 1745 officio
817 1681 1023 1746 sacerdotali.
1071 1683 1116 1745 Et
1132 1684 1243 1747 veniet
1258 1683 1301 1746 ad
1318 1684 1493 1767 proximos

236 1784 370 1847 ordines
396 1784 429 1846 in
459 1785 638 1848 diaconum
670 1784 883 1848 ordinandus
931 1786 1020 1849 Date
1050 1797 1128 1850 sunt
1159 1796 1272 1849 autem
1302 1788 1332 1850 ei
1365 1787 1494 1851 indutie

236 1888 344 1951 scolas
360 1887 592 1971 frequentandi
610 1910 668 1972 per
684 1891 877 1972 proximum
900 1891 1078 1953 triennium
1096 1911 1246 1973 sequens.
1294 1891 1339 1955 Et
1356 1891 1492 1956 manda·

235 2005 308 2056 tum
325 2004 376 2057 est
391 1993 482 2057 dicto
499 1994 643 2058 officiali
669 1995 988 2077 Bukingehamiensi
1004 1995 1095 2078 quod
1119 1997 1255 2059 inducat
1278 2018 1355 2060 eum
1373 1997 1405 2058 in
1423 2017 1493 2059 cor-

236 2097 385 2182 poralem
403 2098 551 2180 predicte
570 2099 708 2162 ecclesie
732 2101 976 2182 possessionem
999 2099 1099 2180 juxta
1122 2099 1263 2163 formam
1288 2101 1494 2182 premissam,

235 2213 270 2266 et
284 2202 375 2285 quod
392 2203 566 2284 provideat
582 2213 618 2266 ut
634 2204 707 2285 ipsa
718 2204 858 2267 ecelesia
871 2205 1003 2267 interim
1017 2226 1075 2288 per
1086 2205 1319 2288 cappellanum
1334 2205 1491 2268 idoneum

236 2305 406 2370 officietur.
455 2306 651 2388 (Admissus
667 2307 729 2370 suit
745 2318 864 2389 quarto
882 2308 998 2371 Nonas
1014 2309 1128 2390 Junii.)

236 2475 359 2544 [Walter
370 2476 406 2530 rte
422 2476 637 2545 Faucumberge,
651 2478 729 2538 clerte,
735 2477 886 2546 presented
899 2479 932 2546 by
943 2479 989 2531 tlte
998 2477 1090 2531 notor
1103 2478 1165 2530 and
1181 2479 1307 2532 Convent
1320 2480 1356 2546 os
1366 2479 1493 2541 Walden,

300 2559 326 2610 is
337 2559 483 2612 instituted
486 2562 593 2627 parson
605 2560 640 2627 os
646 2559 820 2622 Amersham,
833 2561 980 2628 reseeving
992 2560 1037 2613 tlte
1046 2561 1141 2630 rights
1151 2560 1187 2629 os
1197 2560 1244 2614 tlte
1260 2561 1358 2622 nronks
1374 2564 1410 2631 os
1416 2563 1494 2615 Hur-

301 2641 343 2708 ley
354 2640 415 2692 anet
423 2657 480 2708 any
485 2641 603 2708 pense'on
615 2639 669 2693 etue
680 2645 706 2694 to
717 2641 799 2693 them.
837 2640 893 2693 The
904 2642 1035 2709 vnarage
1045 2642 1071 2694 is
1081 2645 1123 2695 set
1132 2642 1199 2710 out]

325 2768 849 2832 AUMODESHAME.—Walterus
864 2768 908 2832 de
926 2769 1186 2852 Faucumberge‚
1199 2769 1346 2846 clericus
1359 2791 1491 2854 presen-

237 2882 328 2936 tatus
351 2892 411 2954 per
434 2871 605 2936 Abbatem
629 2882 663 2936 et
686 2881 888 2935 conventum
913 2872 956 2936 de
979 2871 1163 2936 Waledene
1186 2873 1229 2937 ad
1252 2873 1427 2938 ecclesiam
1451 2875 1493 2939 de

238 2975 522 3050 Aumodeshame,
560 2974 649 3039 facta
692 2976 782 3058 prius
820 2976 1034 3058 inquisitione
1079 2997 1138 3059 per
1183 2977 1383 3060 Magistrum
1423 2979 1494 3055 Th,

240 3078 428 3144 Officialem
447 3077 818 3161 Bukingehamiensem,
830 3089 900 3155 etc,
913 3078 1078 3142 admissus
1094 3089 1146 3142 est
1161 3080 1224 3142 sub
1240 3101 1327 3163 pena
1344 3081 1495 3159 Concilii,

235 3195 271 3246 et
294 3201 436 3266 persona
459 3183 639 3257 institutus,
662 3182 755 3246 salvo
779 3181 852 3264 jure
879 3183 1118 3245 monachorum
1146 3181 1189 3246 de
1218 3184 1380 3261 Hurtleie,
1401 3185 1491 3267 quod

237 3287 359 3350 habere
385 3285 510 3349 debent
537 3295 570 3349 et
595 3296 839 3350 consueverunt
865 3307 965 3369 super
992 3287 1089 3350 tertia
1114 3297 1208 3370 parte
1229 3288 1435 3352 decimarum
1451 3289 1494 3353 de

237 3390 406 3454 dominico
429 3389 556 3453 domini
583 3388 634 3452 W.
658 3390 701 3453 de
733 3389 947 3465 Mandeville,
973 3400 1008 3453 et
1033 3391 1076 3454 de
1106 3392 1275 3475 pannagio
1304 3393 1347 3456 de
1373 3394 1493 3457 eodem

236 3493 406 3558 dominico
423 3494 456 3556 in
474 3492 771 3569 Aumodeshame3
795 3492 887 3555 salva
903 3494 1005 3556 etiam
1022 3493 1120 3557 dictis
1136 3495 1309 3558 monachis
1325 3496 1368 3562 de
1381 3497 1493 3560 Wale-

237 3597 323 3662 dene
339 3598 500 3680 pensione
515 3597 558 3660 de
585 3596 702 3660 eadem
729 3597 877 3672 ecclesia,
893 3597 919 3659 si
946 3617 1013 3678 qua
1037 3589 1134 3660 suerit
1159 3598 1273 3663 debita
1287 3610 1322 3662 et
1344 3603 1492 3684 antiqua.

241 3702 432 3783 lnjunctum
455 3713 506 3764 est
536 3703 637 3764 etiam
668 3700 759 3763 dicto
790 3701 940 3764 Waltero
971 3701 1003 3763 in
1035 3703 1156 3766 virtute
1187 3703 1376 3768 obedientie
1402 3706 1491 3788 quod

237 3805 363 3869 dictam
379 3805 574 3888 pensionem
592 3805 671 3886 ipsis
693 3804 865 3866 monachis
888 3804 932 3867 de
956 3804 1139 3870 Waledene
1162 3827 1229 3870 non
1253 3808 1370 3885 solvat,
1386 3810 1493 3873 donec

239 3910 452 3992 probaverint
468 3929 580 3972 coram
605 3908 743 3971 domino
769 3908 949 3991 Episc0p0,
965 3910 1016 3973 vel
1043 3910 1176 3975 officiali
1202 3933 1271 3988 su0,
1288 3914 1394 3994 ipsam
1418 3935 1492 3977 esse

238 4013 386 4076 debitam
402 4023 437 4077 et
459 4013 640 4095 antiquam.
689 4013 733 4074 Et
761 4010 958 4075 mandatum
983 4025 1034 4076 est
1063 4015 1227 4097 Magistro
1252 4015 1323 4092 Th,
1340 4015 1494 4092 Officiali,

238 4116 328 4199 quod
345 4114 527 4180 secundum
545 4115 685 4178 sormam
703 4114 911 4196 premissam,
925 4125 986 4179 etc.

134 4349 138 4356 .
238 4312 329 4380 [Alan
347 4311 380 4364 de
396 4311 491 4374 Netet,
504 4311 642 4379 chaplae’n.
650 4307 799 4377 presented
812 4309 845 4376 by
861 4309 906 4361 the
922 4309 1009 4361 Prior
1022 4310 1083 4363 and
1100 4311 1226 4363 Convent
1239 4314 1275 4380 of
1282 4313 1458 4371 Southwark.
1471 4317 1495 4368 is

302 4392 446 4445 instituted
463 4397 490 4446 to
514 4393 558 4445 tlee
574 4393 706 4460 ve'carage
723 4390 760 4457 os
773 4389 855 4442 Stoke
872 4388 984 4457 Poges;
999 4391 1045 4444 the
1060 4393 1193 4460 vicarage
1209 4393 1234 4445 is
1249 4393 1392 4448 desnibeet.
1439 4397 1496 4450 The

303 4475 410 4545 Beshop
420 4475 499 4529 shall
507 4474 657 4527 termae
668 4474 733 4528 who
744 4476 769 4526 is
781 4479 808 4527 to
818 4475 955 4526 entertas'n
967 4473 1011 4525 the
1022 4472 1222 4541 Archdeacon]

327 4593 640 4660 Stoa—Alanus
678 4593 720 4656 de
760 4593 870 4667 Netel‚
908 4593 1132 4674 cappellanus,
1176 4605 1386 4676 presentatus
1437 4618 1495 4678 per
1589 4674 1591 4679 Ι

240 4701 387 4763 Priorem
403 4709 437 4762 et
453 4709 656 4762 conventum
673 4696 715 4759 de
733 4695 891 4762 Suwerke
908 4697 950 4760 ad
967 4709 1164 4779 perpetuam
1182 4699 1338 4761 vicariam
1354 4700 1493 4763 ecclesie

238 4804 281 4866 de
305 4801 419 4878 Stoke,
443 4801 529 4864 facta
554 4801 643 4884 prius
668 4800 881 4882 inquisitione
905 4821 963 4882 per
988 4801 1186 4884 Magistrum
1212 4801 1282 4876 Tu,
1306 4801 1492 4867 Officialem

239 4907 475 4971 Archidiaconi
517 4904 859 4988 BukingebamiensiS,
897 4915 967 4980 etc,
998 4906 1164 4968 admissus
1195 4916 1254 4981 est,
1284 4917 1318 4968 et
1354 4908 1494 4970 vicarius

240 5020 420 5093 perpetuus
452 5011 631 5085 institutus,
662 5029 738 5071 cum
770 5029 869 5070 onere
899 5019 933 5070 et
963 5029 1050 5090 pena
1082 5010 1286 5072 vicariorum.
1334 5009 1495 5074 Consistit
