3609 5642
317 616 391 685 3²4
552 552 553 556 Ἰ
667 593 803 667 Rutuli
817 593 996 691 Hngone‘s
1022 594 1066 667 de
1092 593 1223 667 Welles

319 853 395 897 cum
412 853 479 896 una
500 834 630 915 virgata
652 841 746 909 terre,
762 840 813 896 set
838 832 944 896 nescit
967 831 1150 915 capitulum
1174 842 1286 895 utrum
1310 833 1353 896 sit
1376 841 1494 897 taxata
1518 852 1576 915 per

320 936 495 1001 dominum
530 936 759 1019 Episcopum;
789 947 823 999 et
852 936 942 999 valet
972 935 1003 1018 vj
1038 955 1173 999 marcas.
1222 935 1266 999 Et
1298 935 1494 1001 mandatum
1525 946 1576 1000 est

320 1040 430 1104 eidem
448 1037 696 1103 Archidiacono
708 1047 745 1102 ut
760 1048 822 1103 etc.

321 1278 458 1343 [Thomas
468 1276 502 1329 de
518 1276 636 1344 Anetety,
649 1275 730 1335 cleri,
736 1275 886 1343 presented
901 1275 990 1345 hythe
1008 1275 1094 1329 Pn'or
1103 1277 1139 1344 os
1149 1276 1277 1343 Lydum,
1290 1277 1316 1328 is
1328 1276 1475 1330 instituted
1489 1282 1516 1329 to
1532 1277 1577 1329 ttre

386 1359 486 1412 charete
497 1361 529 1427 ej
538 1357 685 1426 Appteby]

410 1468 789 1533 APPLEBv.—Thomas
828 1468 871 1532 de
911 1469 1057 1552 Andely,
1090 1470 1237 1547 clericus
1268 1479 1478 1552 presentatus
1519 1490 1577 1553 per

324 1575 470 1638 Priorem
490 1573 533 1637 de
554 1572 691 1636 Lithum
712 1572 755 1635 ad
775 1572 950 1635 ecclesiam
971 1571 1014 1635 de
1034 1572 1204 1656 Appleby,
1220 1572 1309 1638 sacta
1330 1573 1421 1657 prins
1441 1574 1576 1655 inquisi-

321 1680 413 1742 tione
428 1697 487 1760 per
499 1677 561 1753 W„
578 1674 862 1739 Archidiaconum
881 1675 1069 1752 Leicestrie,
1085 1697 1143 1759 per
1162 1696 1263 1758 quam
1284 1688 1354 1754 etc,
1370 1677 1412 1741 ad
1432 1676 1574 1740 eandem

323 1782 489 1846 admissus
505 1790 565 1857 est,
580 1790 615 1843 et
630 1782 663 1842 in
683 1800 724 1843 ea
742 1780 903 1842 canonice
925 1800 1066 1862 persona
1086 1781 1266 1844 institutus.
1313 1781 1358 1846 Et
1379 1781 1574 1845 mandatum

321 1894 372 1949 cst
387 1885 497 1949 eidem
514 1883 762 1947 Archidiacono
777 1892 814 1946 ut
829 1892 891 1946 etc.

887 2028 1018 2043 —

321 2139 467 2208 [Nicteolas
477 2138 511 2191 de
521 2137 646 2200 Belver0,
660 2136 798 2205 eeaplaee,
805 2136 955 2205 presented
967 2137 1001 2205 by
1016 2137 1143 2190 Williem
1153 2138 1186 2190 de
1198 2139 1224 2191 A
1227 2138 1349 2199 lhiniaco.
1362 2139 1387 2191 is
1397 2138 1545 2191 instituted
1549 2144 1577 2192 to

385 2221 432 2274 the
441 2220 542 2275 chureii
553 2220 589 2288 os
594 2219 761 2287 Bottesserd.
799 2218 855 2272 The
865 2220 998 2287 vicarage
1009 2220 1034 2271 is
1045 2219 1174 2273 reseened
1182 2224 1209 2272 to
1217 2218 1323 2287 Heney,
1335 2219 1487 2288 chaplain.]

409 2328 921 2395 BOTLESFORDE.—Nicholaus
936 2329 979 2393 de
995 2329 1143 2406 Belver0,
1153 2330 1354 2412 capellanus,
1367 2339 1576 2412 presentatus

321 2456 380 2518 per
406 2434 612 2497 Willelmum
637 2433 680 2497 de
705 2432 884 2497 Albiniaco
909 2433 951 2496 ad
981 2433 1155 2497 ecclesiam
1181 2432 1223 2496 de
1249 2433 1467 2505 Botlessorde.
1487 2433 1576 2497 sacta

322 2539 411 2622 prius
428 2537 641 2621 inquisitione
657 2557 716 2619 per
732 2537 793 2613 W„
805 2536 1089 2599 Archidiaconum
1107 2537 1296 2611 Leicestrie,
1313 2558 1371 2620 per
1386 2556 1488 2619 quam
1505 2546 1576 2614 etc„

320 2642 363 2706 ad
379 2641 520 2705 eandem
537 2639 702 2703 admissus
717 2650 769 2703 est
783 2662 790 2717 ;
805 2640 898 2703 salva
913 2639 1059 2703 Henrico
1075 2641 1248 2724 capellano
1261 2642 1383 2704 vicaria
1397 2661 1458 2704 sua
1473 2662 1574 2723 quam

319 2746 420 2809 habet
436 2746 470 2809 in
485 2744 613 2820 eadem,
625 2764 691 2826 que
706 2744 858 2807 consistit
874 2755 911 2808 ut
927 2764 1036 2827 supra,
1047 2764 1137 2807 anno
1153 2765 1207 2807 xv.
1254 2744 1299 2808 Et
1315 2743 1512 2808 mandatum
1525 2756 1576 2808 est

319 2848 429 2913 eidem
448 2845 696 2910 Archidiaeono
712 2855 749 2909 ut
764 2857 825 2910 ete.

414 3020 484 3105 [On
500 3021 553 3084 the
566 3020 659 3083 dorse
669 3020 739 3103 .·—]

317 3145 456 3211 [Richard
467 3145 502 3199 de
517 3144 623 3206 Pacete,
635 3143 719 3197 mont
735 3146 771 3213 os
784 3144 857 3209 Lire,
870 3145 1044 3213 Normundy‚
1055 3145 1207 3213 presented
1219 3145 1343 3213 byJotm,
1355 3145 1445 3199 Abeot
1457 3146 1493 3214 os
1503 3145 1573 3211 Line,

377 3230 492 3295 ⁴troeter
498 3227 548 3294 for
556 3226 602 3279 tu's
614 3231 736 3287 convent,
748 3228 773 3279 is
783 3227 921 3279 admitted
928 3227 1016 3280 Pn'or
1024 3228 1060 3295 os
1065 3226 1224 3295 Hincktey]

407 3338 523 3401 Frater
540 3336 703 3400 Ricardus
718 3337 761 3400 de
778 3338 907 3415 Pacem,
924 3338 1107 3401 monachus
1123 3338 1166 3402 de
1188 3338 1274 3415 Lim,
1291 3347 1501 3421 presentatus
1517 3358 1575 3421 per

318 3441 517 3525 Johannem,
533 3439 704 3505 Abbatem
730 3440 816 3517 Lire,
831 3441 1020 3524 generalem
1046 3451 1293 3525 procuratorem
1318 3440 1367 3504 sui
1391 3452 1574 3505 conventus

319 3546 353 3607 in
379 3543 513 3627 Anglia,
532 3542 575 3606 ad
602 3544 784 3626 prioratum
807 3542 850 3607 de
870 3543 1025 3622 Hinkela,
1041 3554 1215 3608 vacantem
1239 3564 1297 3626 per
1316 3545 1573 3627 resignationem

318 3648 481 3733 Johannis
501 3647 544 3710 de
561 3646 707 3729 Capella,
723 3647 842 3710 ultimo
858 3648 980 3711 Prioris
1002 3647 1163 3729 ejusdem,
1178 3647 1221 3710 ad
1242 3646 1386 3711 eundem
1409 3647 1574 3711 admissus

319 3763 371 3815 est
400 3761 434 3815 et
461 3751 494 3813 in
521 3770 562 3813 eo
587 3751 747 3813 canonice
772 3749 865 3812 Prior
889 3771 949 3832 per
971 3751 1101 3829 librum,
1121 3762 1159 3815 ut
1182 3752 1283 3814 moris
1309 3760 1368 3827 est,
1392 3751 1573 3827 institutus,

320 3854 510 3919 obedientie
528 3863 738 3917 sacramento
757 3852 988 3937 sollempniter
1008 3854 1194 3917 subsecuto.
1241 3854 1287 3917 Et
1303 3853 1500 3916 mandatum
1523 3864 1574 3917 est

320 3959 382 4036 W„
399 3957 646 4021 Archidiacono
664 3957 867 4035 Leircestrie‚
882 3968 919 4021 ut
935 3968 996 4022 etc.
1043 3958 1199 4021 Promisit
1220 3968 1332 4022 autem
1349 3957 1438 4021 idem
1457 3956 1574 4020 Abbas

320 4064 354 4125 in
370 4062 473 4126 verbo
489 4061 628 4124 Domini
644 4060 734 4142 quod
750 4081 827 4123 cum
844 4061 877 4123 in
895 4071 1006 4145 partes
1022 4082 1100 4125 suas
1114 4063 1250 4137 venerit,
1262 4060 1389 4124 litteras
1405 4067 1573 4143 presenta-

319 4166 420 4230 tionis
436 4163 545 4247 sigillo
560 4184 621 4227 suo
641 4173 676 4228 et
695 4164 745 4227 sui
761 4175 946 4228 conventus
962 4165 1110 4248 signatas
1126 4164 1263 4229 domino
1281 4158 1450 4246 Episcopo
1465 4171 1573 4225 trans-

321 4270 409 4333 mitti
425 4288 486 4351 pro
501 4268 626 4331 viribus
642 4267 840 4349 procurabit.

316 4538 434 4605 [Robeet
446 4552 534 4590 aenon
551 4535 587 4604 os
600 4535 730 4604 Bradley,
741 4536 842 4590 elected
856 4537 889 4606 ty
907 4538 952 4590 ttae
962 4536 1100 4591 Bretteren
1114 4536 1184 4589 with
1203 4536 1248 4589 the
1261 4534 1415 4603 eunomios
1427 4533 1529 4587 Robert
1541 4534 1575 4587 de

383 4618 522 4683 Bumebu,
534 4618 561 4671 is
569 4617 706 4671 admitted
714 4618 825 4672 Master
832 4621 868 4685 of
873 4620 918 4673 tlte
930 4635 1006 4673 same
1016 4619 1121 4684 emus]

407 4733 524 4795 Frater
541 4729 708 4793 Robertus
727 4729 770 4795 de
790 4730 932 4815 [tunel
948 4732 1128 4795 canonicus
1142 4729 1185 4794 de
1200 4728 1382 4807 Bradeleia,
1397 4726 1524 4792 electus
1540 4727 1573 4790 in

319 4836 520 4921 Magistrum
536 4832 687 4915 ejusdem
698 4833 819 4898 domus
835 4856 893 4918 per
905 4835 1021 4899 fratres
1034 4834 1167 4911 ibidem,
1178 4834 1420 4898 interveniente
1434 4851 1572 4895 assensu

318 4938 457 5004 Roberti
469 4938 512 5001 de
529 4935 694 5012 Bumebu,
706 4938 809 5021 ipsius
824 4937 945 5002 domus
961 4938 1101 5020 patroni,
1117 4936 1272 5019 factaque
1287 4936 1502 5017 inquisitione
1515 4954 1574 5018 per

316 5043 522 5108 Willelmum
554 5041 838 5105 Archidiaconum
870 5040 1058 5117 Leicestrie,
1083 5061 1142 5123 per
1171 5061 1236 5122 que
1262 5050 1333 5117 etc,
1361 5039 1403 5102 ad
1428 5038 1572 5103 eandem
