3609 5642
599 609 779 705 Episcopi
801 608 1083 682 Lz'ncolm'ensis.
1398 630 1461 699 23¹

212 848 485 930 provenientibus
507 858 541 912 et
565 848 674 931 primo
697 858 910 925 testamento,
933 869 998 931 que
1021 849 1159 912 sacrista
1183 847 1330 930 percipit.
1381 846 1469 911 Con-

211 952 295 1014 sistit
313 953 420 1015 etiam
441 952 474 1015 in
495 952 613 1033 viginti
635 952 740 1016 tribus
760 954 844 1015 acris
864 963 951 1016 terre
971 953 1120 1015 atrabilis
1140 972 1215 1015 cum
1239 970 1356 1013 manso
1380 969 1469 1012 com-

211 1064 356 1136 petente,
369 1056 493 1118 vicario
508 1055 550 1118 ad
569 1054 825 1119 inhabitandum
842 1057 1023 1139 assignat0,
1034 1066 1068 1120 et
1085 1056 1117 1119 in
1134 1054 1304 1118 cotidiano
1319 1052 1469 1118 corredio

210 1159 305 1221 unius
322 1159 490 1234 monachi,
505 1160 552 1222 ita
567 1159 704 1241 quidem
722 1158 813 1241 quod
830 1160 971 1223 vicarius
992 1158 1073 1223 illud
1094 1158 1230 1222 habebit
1252 1155 1294 1220 ad
1317 1177 1468 1220 mensam

210 1260 357 1325 Abbatis
374 1283 450 1325 cum
471 1262 622 1340 voluerit,
645 1263 695 1326 vel
716 1262 759 1326 ad
781 1262 919 1326 domum
941 1284 1035 1328 suam
1057 1262 1175 1327 deferri
1198 1262 1295 1325 saciet
1315 1262 1471 1344 quotiens

210 1366 240 1429 id
257 1366 321 1429 sibi
344 1367 453 1450 magis
473 1365 592 1430 viderit
615 1367 784 1449 expedire.
832 1368 922 1432 Dicti
947 1376 1060 1432 autem
1086 1367 1203 1430 Abbas
1228 1376 1262 1430 et
1286 1374 1471 1429 conventus

209 1472 324 1533 omnia
349 1490 452 1533 onera
479 1470 565 1533 illius
593 1470 732 1534 ecclesie
759 1481 869 1553 preter
895 1491 980 1535 onus
1012 1470 1216 1554 parrochiale
1247 1468 1469 1543 sustinebunt,

209 1575 307 1638 salvis
336 1584 398 1638 etc.
445 1573 545 1657 Quod
573 1586 609 1638 ut
633 1586 694 1638 etc.
742 1575 841 1653 Data,
869 1587 905 1640 ut
933 1577 965 1639 in
993 1586 1085 1640 carta
1111 1574 1154 1639 de
1181 1573 1408 1638 Wudeettone
1437 1572 1469 1634 in

208 1678 483 1743 archidiaconatu
500 1678 646 1743 Oxonie.

779 1815 910 1831 ——d-u-

209 1970 248 2037 [Τ
243 1971 279 2023 lie
288 1969 451 2023 institution
463 1970 499 2038 of
509 1970 635 2023 Williimi
646 1970 680 2023 de
690 1973 798 2025 scotere
808 1977 836 2025 lo
846 1971 892 2025 rso
902 1972 1003 2025 citaret
1014 1972 1050 2039 os
1063 1960 1211 2039 ldrtieriug
1218 1988 1231 2033 ,·
1254 1970 1330 2038 Aliis.
1349 1989 1371 2035 φ,
1391 1989 1454 2037 1229
1462 1987 1474 2033 ,·

271 2068 318 2105 see
325 2054 357 2119 i·
370 2052 439 2120 ιη]

296 2187 754 2252 KETERINGE.-Omnibus
773 2202 835 2254 etc.
888 2190 1027 2254 Noverit
1053 2190 1250 2254 universitas
1276 2200 1386 2252 vestra
1408 2208 1469 2250 nos

209 2290 250 2353 ad
278 2291 565 2373 presentationem
591 2290 788 2356 dilectorum
816 2292 969 2371 filiorum,
996 2293 1141 2357 Abbatis
1165 2303 1199 2355 et
1222 2301 1407 2355 conventus
1430 2294 1472 2357 de

211 2394 325 2477 Burgo
350 2394 439 2457 beati
462 2394 559 2470 Petri,
579 2406 795 2477 patronorum
816 2396 955 2461 ecclesie
974 2396 1017 2460 de
1039 2397 1230 2481 Keteringe‚
1252 2394 1410 2459 dilectum
1440 2397 1471 2459 in

210 2498 346 2562 Christo
377 2497 491 2576 filium,
524 2499 723 2582 Magistrum
755 2501 962 2565 Willelmum
994 2502 1037 2565 de
1063 2502 1209 2576 Scotere,
1236 2500 1402 2573 clericum,
1430 2500 1472 2563 ad

210 2601 354 2665 eandem
381 2602 556 2666 ecclesiam
584 2603 760 2666 admisisse
785 2606 963 2686 ipsumque
990 2606 1083 2667 inea
1108 2602 1268 2667 canonice
1295 2624 1471 2685 personam

211 2706 404 2781 instituisse,
424 2705 525 2768 salvis
544 2717 606 2769 etc.
652 2706 753 2789 Quod
774 2718 811 2770 ut
830 2718 902 2783 etc,
926 2708 1077 2784 testibus,
1102 2707 1273 2790 Magistris
1300 2706 1472 2769 Willelmo

210 2808 251 2872 de
268 2809 539 2891 Beningworthe,
551 2810 735 2892 capellano
750 2821 785 2873 et
803 2810 949 2874 Ricardo
964 2810 1007 2874 de
1024 2809 1226 2887 Wendoure,
1242 2810 1414 2874 Willelmo
1430 2809 1473 2873 de

212 2912 478 2976 Winchecumbe
502 2922 537 2976 et
564 2914 709 2976 Ricardo
736 2913 779 2977 de
800 2913 947 2989 Oxonia,
974 2914 1143 2977 canonicis
1173 2914 1472 2990 Lincolniensibus,

213 3016 385 3099 Magistris
411 3016 558 3080 Ricardo
582 3017 711 3080 Devon’
733 3027 768 3080 et
793 3017 923 3081 Alardo
946 3017 989 3081 de
1013 3016 1206 3094 Arundelle,
1230 3018 1404 3100 Stephano
1428 3018 1472 3082 de

211 3119 359 3184 Castello
373 3131 408 3183 et
425 3119 578 3184 Galsrido
600 3119 644 3183 de
665 3121 779 3197 Moris,
798 3120 933 3184 clericis.
986 3121 1077 3184 Data
1099 3142 1156 3204 per
1178 3141 1313 3184 manum
1338 3118 1470 3185 Radulli

210 3224 251 3287 de
266 3222 460 3299 Waraville,
476 3223 627 3286 canonici
651 3224 903 3301 Lincolniensis,
923 3224 1012 3307 apud
1032 3224 1246 3307 Lidingtone,
1262 3226 1380 3307 quinto
1399 3225 1472 3288 idus

212 3329 359 3411 Augusti
378 3327 593 3411 pontificatus
609 3330 713 3392 nostri
730 3350 820 3393 anno
837 3352 896 3393 xx.

209 3690 282 3756 [Tite
291 3690 451 3839 iiipoti'luiioie
463 3690 498 3757 os
503 3690 598 3742 Adam
610 3692 644 3743 de
657 3692 815 3759 Beiegheby
822 3698 849 3745 to
860 3692 905 3745 ilie
915 3692 1013 3758 cluzpel
1020 3693 1055 3760 os
1060 3692 1215 3759 Siuclrbusy
1225 3709 1229 3755 ;
1244 3692 1319 3760 Aug.
1332 3710 1371 3757 25,
1386 3708 1470 3757 1229,·

274 3786 319 3825 sce
351 3788 427 3835 ‚142

297 3908 518 3974 STUTEfflRl’
554 3910 946 3975 camum-Omnibus
983 3920 1043 3974 etc.
1092 3911 1231 3975 Noverit
1276 3911 1473 3974 universitas

212 4023 322 4076 vestra
346 4031 408 4074 nos
430 4010 472 4074 ad
498 4014 779 4093 presentationem
803 4014 1000 4078 dilectorum
1023 4013 1175 4089 filiorum,
1193 4014 1313 4076 Prioris
1337 4024 1370 4076 et
1393 4034 1470 4077 cou-

214 4126 332 4179 ventus
367 4116 474 4179 sancti
514 4115 651 4180 Andree
694 4117 970 4201 Norhamptonie,
1009 4129 1223 4200 patronomm
1264 4117 1391 4199 capelle
1428 4118 1470 4181 de

215 4218 398 4300 Stutebiry,
413 4218 573 4283 dilectum
590 4221 622 4283 in
640 4220 774 4284 Christo
797 4220 901 4284 filium
927 4221 1049 4284 Adam'
1065 4221 1109 4285 de
1133 4221 1338 4303 Beregheby‚
1361 4222 1470 4303 capel-

216 4322 339 4397 lanum,
354 4321 398 4384 ad
421 4322 564 4386 eandem
588 4324 751 4406 capellam
776 4324 951 4387 admisisse
976 4326 1152 4406 ipsumque
1175 4334 1246 4400 etc,
1269 4344 1345 4386 cum
1370 4344 1470 4388 onere

215 4425 426 4489 ministrandi
458 4428 676 4507 personaliter
706 4428 739 4490 in
771 4428 899 4503 eadem,
938 4428 1038 4491 salvis
1068 4440 1128 4491 etc.
1190 4427 1290 4509 Quod
1330 4438 1365 4490 ut
1400 4438 1471 4503 etc,

215 4528 364 4603 testibus,
400 4528 571 4611 Magistris
609 4530 661 4593 W.
699 4530 741 4594 de
775 4531 1041 4613 Beningu'ortlie,
1077 4532 1259 4614 capellann,
1290 4541 1323 4593 et
1358 4532 1395 4593 R.
1428 4532 1471 4595 de

216 4631 418 4706 Wendoure,
441 4631 493 4695 W.
510 4632 553 4695 de
578 4634 839 4699 Winchecombe
854 4645 889 4698 et
914 4634 952 4697 R.
968 4634 1012 4697 de
1036 4634 1182 4711 Oxonia,
1206 4634 1374 4696 canonicis
1394 4634 1470 4697 Lin-

214 4735 447 4810 colniensibus,
464 4735 603 4798 Warino
618 4737 801 4819 capellano,
823 4738 987 4819 Magistro
1006 4737 1134 4801 Alardo
1149 4736 1192 4801 de
1211 4736 1392 4813 Arundell',
1408 4738 1469 4802 Th.

214 4840 255 4904 de
284 4839 439 4921 Askeby,
470 4840 502 4904 S.
533 4841 576 4904 de
603 4842 751 4905 Castello
777 4851 811 4904 et
837 4842 875 4905 G.
908 4840 950 4903 de
979 4842 1091 4915 Moris,
1115 4842 1248 4905 clericis.
1297 4842 1386 4905 Data
1411 4864 1468 4924 per

215 4962 351 5006 manum
384 4951 532 5005 nostram
568 4944 657 5025 apud
697 4943 872 5026 Kildesby‚
902 4954 1023 5007 octavo
1061 4942 1221 5007 kalendas
1260 4944 1468 5026 Septembris

217 5044 430 5127 pontificatus
446 5047 549 5110 nostri
566 5068 655 5110 anno
673 5070 731 5112 xx.
