3609 5642
335 536 380 605 82
691 535 826 607 Rotulz'
851 535 1028 632 Hugonz's
1053 535 1098 608 de
1132 534 1264 608 Welles

336 683 807 693 -----.--..-.....-...-..-.——--
827 688 875 693 -.
894 688 940 693 .—.
955 687 1121 693 ψ.-

336 773 552 852 hamiensem,
568 795 753 858 perquam,
769 774 898 851 etc.,ad
915 775 1058 839 eandem
1080 773 1247 838 admissus
1267 784 1327 852 est,
1343 795 1419 839 cum
1441 796 1542 840 onere
1561 785 1597 840 et

315 866 423 960 'pena
443 878 649 941 vicariorum.
708 877 754 941 Et
779 877 976 942 mandatum
1003 887 1055 941 est
1079 877 1171 942 dicto
1197 877 1447 942 Archidiacono
1472 888 1517 956 ut,
1535 889 1597 943 etc.

339 982 454 1045 Habet
485 982 635 1046 inducias
665 981 763 1044 unius
794 983 872 1044 anni
903 983 1011 1045 scolas
1042 981 1275 1064 frequentandi
1307 992 1344 1046 ut
1374 993 1454 1047 tunc
1485 984 1597 1048 veniat

337 1085 543 1149 ordinandus
559 1086 592 1148 in
609 1084 839 1167 presbiterum.

337 1256 428 1325 [John
447 1256 481 1310 de
499 1256 619 1319 Neville,
632 1255 800 1318 andraian,
811 1255 959 1323 presented
972 1257 1006 1325 by
1017 1257 1058 1318 R,
1076 1256 1184 1323 Bishap
1201 1258 1237 1324 as
1253 1256 1413 1320 Citr'clrester,
1432 1256 1478 1309 tlte
1496 1257 1599 1324 King's

403 1339 570 1403 Citarreellar,
594 1339 628 1407 by
649 1354 746 1392 reason
770 1339 806 1405 os
823 1338 868 1391 tlte
889 1338 1000 1406 autody
1020 1339 1053 1406 of
1072 1338 1208 1391 thelonei
1223 1339 1284 1391 aad
1300 1339 1365 1391 leer'r·
1378 1340 1414 1408 os
1428 1339 1549 1392 Duncan
1564 1339 1598 1392 de

402 1421 543 1485 Imcelles,
556 1422 581 1474 is
592 1420 737 1474 instituted
751 1425 778 1473 ta
795 1437 845 1474 one
862 1419 979 1488 mediety
989 1421 1024 1488 of
1036 1420 1081 1472 tite
1096 1420 1197 1474 chureii
1213 1421 1250 1488 of
1264 1420 1420 1484 Brentani,
1431 1421 1493 1473 and
1508 1426 1536 1474 to
1554 1421 1598 1474 tlte

402 1504 480 1557 atter
489 1503 606 1571 rnedi'ety
616 1503 686 1556 raith
697 1503 742 1556 the
750 1507 847 1555 assent
855 1503 892 1570 os
898 1501 990 1569 Hugh
1001 1501 1035 1554 de
1045 1501 1203 1570 Hodenge]

365 1691 367 1695 ,
426 1613 849 1695 BURNHAMr-J0hannes
879 1612 922 1676 de
955 1612 1095 1688 Neville,
1125 1612 1360 1688 subdiaconus,
1387 1623 1597 1695 presentatus

304 1715 306 1718 ’
337 1737 395 1798 per
422 1717 644 1780 venerabilem
677 1717 826 1780 Fratrem
859 1717 909 1792 Rs,
932 1715 1187 1798 Cycestrensem
1220 1716 1437 1799 Episcopum,
1468 1716 1595 1780 domini

336 1819 439 1902 Regis
463 1820 716 1896 Cancellarium,
740 1821 783 1884 ad
810 1839 911 1883 unam
938 1819 1153 1883 medietatem
1179 1820 1320 1883 ecclesie
1344 1820 1388 1884 de
1415 1821 1596 1897 Burnham,

335 1925 463 1986 ratione
487 1923 638 1987 custodie
660 1935 746 1988 terre
768 1935 801 1987 et
824 1924 957 1987 heredis
980 1924 1154 1986 Dunecani
1176 1923 1219 1986 de
1243 1923 1410 1987 Lascelles
1434 1925 1468 1986 in
1493 1944 1594 1987 manu

335 2048 394 2090 sua
425 2027 611 2102 existentis,
641 2039 674 2092 et
704 2027 747 2091 de
778 2047 915 2091 assensu
948 2027 1105 2110 Hugonis
1135 2027 1178 2089 de
1211 2027 1389 2110 Hodenge,
1421 2027 1464 2091 ad
1495 2027 1595 2091 aliam

336 2131 550 2194 medietatem
568 2131 656 2194 dicte
673 2131 811 2195 ecclesie
826 2131 869 2194 de
886 2131 1067 2208 Burnham,
1083 2131 1172 2195 sacta
1188 2133 1278 2214 prius
1300 2133 1516 2214 inquisitione
1535 2153 1595 2214 per

337 2235 392 2311 M,
415 2234 700 2298 Archidiaconum
722 2233 1093 2317 Buckinghamiensem‚
1109 2257 1168 2317 per
1190 2256 1302 2316 quam,
1324 2246 1386 2299 etc.
1434 2235 1479 2298 Et
1501 2255 1594 2298 man-

335 2338 451 2403 datum
468 2347 520 2400 est
535 2337 626 2401 dicto
644 2337 891 2401 Archidiacono
909 2347 954 2413 ut,
970 2348 1031 2401 etc.

334 2508 446 2576 [Robert
454 2509 480 2561 le
491 2509 611 2568 Mansel,
623 2507 792 2571 snbaieacan,
805 2524 841 2560 on
853 2508 898 2560 tlte
903 2509 1094 2576 presentation
1111 2509 1148 2574 af
1153 2509 1233 2575 John
1243 2509 1268 2561 le
1281 2508 1399 2573 Mansel,
1409 2511 1435 2562 is
1451 2510 1600 2564 instituted

401 2590 799 2658 totleechnrcleosSaulsbnry.
828 2588 874 2641 He
882 2590 1047 2642 istoattend
1053 2590 1210 2643 theschaols
1217 2591 1278 2643 and
1286 2590 1601 2660 tastndy,andts,after

397 2689 415 2724 a
429 2689 502 2740 year,
521 2672 556 2726 ire
572 2673 598 2725 is
607 2672 708 2740 found
721 2673 904 2740 incompetent
919 2672 953 2724 lte
972 2674 997 2724 is
1013 2677 1040 2725 to
1053 2676 1168 2739 present
1184 2689 1203 2724 a
1222 2673 1353 2740 chaplain
1370 2679 1397 2726 ta
1414 2690 1432 2725 a
1448 2677 1599 2740 competent

399 2755 531 2822 aicarage
542 2753 633 2806 which
646 2753 692 2806 the
706 2753 811 2820 Bashop
821 2752 899 2807 stall
907 2753 1014 2806 adata.
1052 2753 1176 2816 thess,
1183 2754 1263 2820 John
1279 2754 1313 2806 de
1329 2754 1555 2823 Birmingeiram,
1566 2760 1598 2808 at

403 2834 523 2902 Tenelby,
536 2836 553 2886 ό
564 2833 659 2887 Nones
670 2836 706 2902 as
714 2833 845 2900 October]

423 2945 828 3009 SULEBIR1.-Robertus
848 2945 878 3008 le
901 2945 1041 3022 Mansel‚
1057 2945 1292 3023 subdiaconus,
1309 2957 1520 3029 presentatus
1537 2968 1595 3030 per

334 3048 523 3130 Johannem
540 3049 571 3112 le
589 3049 720 3112 Mansel
739 3048 781 3112 ad
798 3049 974 3113 ecclesiam
993 3049 1037 3112 de
1053 3049 1218 3131 Sulebiry,
1234 3049 1323 3113 sacta
1344 3051 1435 3132 prius
1459 3050 1595 3132 inquisi-

239 3145 244 3152 '
335 3152 427 3216 tione
447 3173 506 3234 per
527 3153 582 3230 M,
604 3151 886 3216 Archidiaconum
917 3151 1289 3235 Buckinghamiensem,
1315 3174 1373 3235 per
1392 3173 1503 3235 quam,
1525 3163 1596 3230 etc,

336 3256 378 3319 ad
410 3255 552 3319 eandem
584 3256 750 3319 admissus
780 3266 840 3333 est,
870 3264 933 3319 etc.
980 3255 1025 3319 Et
1057 3256 1253 3319 mandatum
1280 3267 1330 3320 est
1357 3255 1450 3320 dicto
1476 3256 1595 3321 Archi-

336 3360 480 3423 diacono
503 3370 548 3437 ut,
569 3372 630 3423 etc.
680 3359 872 3441 Injunctum
894 3349 996 3423 etiam
1017 3368 1069 3423 est
1090 3359 1200 3422 eidem
1226 3358 1384 3436 Rober‘t0,
1400 3359 1463 3423 sub
1482 3360 1596 3424 debita

334 3463 516 3546 juramenti
544 3473 578 3527 et
597 3464 660 3527 sub
680 3484 767 3548 pena
787 3462 939 3527 beneficii
960 3462 1147 3539 amittendi,
1167 3463 1258 3546 quod
1278 3464 1386 3528 scolas
1407 3465 1596 3546 frequentet

337 3578 371 3632 et
387 3568 547 3645 addiscat,
563 3578 597 3631 et
618 3567 708 3650 quod
733 3578 810 3651 post
831 3588 956 3642 annum
981 3567 1186 3649 completum
1209 3568 1321 3631 veniat
1339 3568 1596 3645 examinandus,

338 3673 385 3734 ita
400 3671 490 3753 quod
507 3671 534 3733 si
554 3681 634 3735 tunc
651 3673 760 3734 minus
784 3671 924 3735 idoneus
947 3681 1097 3754 repertus
1119 3670 1225 3747 suerit,
1241 3682 1410 3753 presentet
1435 3671 1594 3735 idoneum

339 3775 548 3856 capellanum
574 3775 616 3838 ad
637 3775 793 3838 vicariam
822 3785 1069 3859 competentem
1099 3796 1158 3857 per
1185 3774 1360 3838 dominum
1388 3775 1596 3858 Episcopum

338 3880 371 3940 in
384 3877 502 3941 eadem
520 3877 658 3940 ecclesia
677 3878 908 3954 ordinandam,
924 3899 983 3962 per
995 3878 1139 3941 eundem
1156 3878 1330 3942 dominum
1347 3878 1595 3942 admittendum

338 3981 441 4044 Teste
473 3981 637 4063 Magistro
665 3982 820 4063 Johanne
850 3982 892 4045 de
924 3981 1185 4063 Birmingeham,
1214 3992 1303 4058 tunc,
1333 3982 1459 4046 scilicet
1498 3992 1596 4046 sexto

340 4085 456 4148 Nonas
473 4084 640 4161 Octobris,
656 4085 745 4168 apud
762 4085 914 4167 Tevelby
930 4095 1091 4167 presente.

337 4255 474 4323 [Rictmrrl
478 4254 512 4307 cle
524 4255 607 4323 Bray,
619 4255 787 4318 snb-dracon,
800 4271 837 4309 on
848 4255 892 4308 tlte
898 4254 1088 4322 presentationi
1099 4255 1135 4322 of
1142 4254 1258 4308 Willran
1270 4254 1303 4307 de
1315 4254 1473 4322 Rikespant,
1484 4257 1509 4310 is
1519 4258 1597 4310 insti-

403 4336 482 4387 tuted
490 4340 518 4387 to
527 4351 545 4388 a
558 4335 673 4403 medie&
683 4337 719 4404 os
730 4337 776 4389 the
788 4335 888 4388 chureii
900 4337 936 4404 af
952 4335 1061 4388 Walton
1072 4351 1143 4387 near
1152 4335 1298 4404 Bletclrley,
1309 4337 1457 4404 receiving
1467 4341 1494 4389 to
1505 4337 1601 4407 Roger

402 4416 436 4469 de
452 4416 536 4483 Bray,
544 4419 651 4482 parson
662 4419 697 4486 of
703 4417 748 4469 tite
758 4417 838 4471 other
847 4417 970 4485 medrety,
982 4434 1000 4469 a
1012 4417 1144 4484 arcarage
1154 4417 1190 4484 of
1202 4417 1247 4468 tlte
1256 4418 1327 4485 first
1342 4417 1458 4486 mediety
1467 4420 1601 4488 assigned

402 4498 472 4549 with
481 4498 526 4550 tlte
533 4503 627 4550 assent
636 4498 671 4566 os
677 4498 722 4551 the
732 4499 797 4551 said
806 4499 932 4552 Richarcl
941 4499 986 4552 tlte
989 4501 1095 4566 parson
1107 4497 1168 4549 and
1180 4498 1305 4551 Willtam
1313 4499 1359 4552 tlte
1360 4503 1473 4567 patron
1506 4501 1602 4569 Rager

402 4581 427 4631 is
434 4583 461 4631 ta
466 4581 524 4647 pay
535 4583 563 4630 to
574 4578 699 4632 Richard
707 4581 768 4632 anri
776 4581 821 4632 ties
832 4595 979 4633 successors
989 4595 1027 4632 an
1040 4579 1151 4631 annual
1160 4581 1280 4646 pension
1297 4582 1333 4649 os
1345 4597 1407 4645 eos,
1420 4583 1481 4635 aua
1494 4583 1555 4634 also
1570 4588 1598 4636 ta

404 4659 531 4712 Rr'cltard
539 4660 608 4728 half
613 4677 632 4712 a
644 4661 724 4714 mark
728 4664 784 4731 for
796 4661 867 4729 life]

426 4771 845 4870 WALTONE.—Ricardus
864 4774 908 4837 de
930 4774 1027 4857 Bray,
1047 4774 1282 4851 subdiaconus,
1303 4785 1513 4856 presentatus
1539 4799 1597 4861 per

338 4875 545 4939 Willelmum
562 4875 605 4939 de
622 4875 809 4959 Rikespaut
825 4877 867 4941 ad
885 4879 1101 4942 medietatem
1117 4879 1257 4942 ecclesie
1272 4877 1316 4941 de
1332 4877 1499 4958 Waltone,
1509 4881 1595 4946 facta

334 4981 425 5063 prius
449 4981 664 5062 inquisitione
689 5003 747 5064 per
777 4984 831 5060 M,
857 4983 1141 5046 Archidiaconum
1168 4982 1520 5065 Bukingbamiensem,
1536 5007 1595 5067 per
