3609 5642
610 573 789 674 Episcopi
803 573 1088 650 Lz'ncolnz'ensis.
1421 595 1482 647 101

224 817 365 882 ecclesie
389 818 559 897 personis;
591 819 637 881 ita
659 827 772 880 tamen
796 817 886 899 quod
910 818 937 880 si
961 818 1023 900 ipsi
1046 817 1168 880 vicaria
1191 837 1258 879 non
1282 815 1423 879 sufficiat
1446 814 1489 877 ad

224 923 275 984 sui
292 923 580 998 sustentationem,
596 931 831 1004 augmentetur
845 921 1028 985 secundum
1049 921 1302 1003 dispositionem
1320 918 1489 1002 Episcopi.

228 1025 274 1089 Et
290 1025 487 1090 mandatum
503 1035 555 1089 est
570 1025 827 1100 Archidiacon0,
842 1035 903 1088 etc.

228 1371 376 1440 [William.
393 1369 501 1430 deacom
514 1370 539 1422 is
550 1369 729 1423 institrdedto
748 1369 794 1422 the
806 1368 956 1438 perpetual
964 1369 1142 1437 vicarageof
1158 1367 1356 1423 Wollastonon
1367 1370 1412 1423 tlte
1429 1373 1491 1436 pre·

294 1453 429 1506 smtation
440 1452 476 1520 os
482 1452 527 1505 the
538 1451 639 1505 Abbess
650 1451 710 1504 ancl
719 1452 803 1504 Num
813 1452 850 1519 os
861 1451 901 1504 st.
913 1452 1000 1515 Mam
1010 1451 1084 1503 dela
1096 1450 1171 1519 Pra]

318 1571 481 1635 V1cmua
526 1585 576 1634 nu
627 1570 1163 1635 Wnunuusrou'.-Willelmus
1204 1570 1372 1647 diaconus,
1418 1591 1490 1653 pre-

230 1685 382 1740 sentatus
398 1697 457 1758 per
477 1674 694 1738 Abbatissam
716 1684 749 1738 et
769 1675 930 1738 moniales
952 1674 1076 1739 Sancte
1097 1674 1202 1737 Marie
1219 1674 1261 1737 de
1279 1676 1378 1737 Prato
1393 1684 1492 1738 extra

232 1780 536 1862 Norhamptoniam
564 1778 606 1842 ad
632 1789 828 1862 perpetuam
855 1779 1012 1841 vicariam
1037 1778 1174 1840 ecclesie
1198 1777 1241 1840 de
1261 1778 1490 1841 Willeueston’

230 1883 419 1946 ordinatam
453 1883 651 1945 auctoritate
685 1881 834 1958 Concilii,
866 1882 954 1944 facta
987 1882 1076 1962 prius
1109 1881 1322 1963 inquisitione
1352 1901 1411 1963 per
1444 1881 1493 1958 R,

231 1985 515 2050 Archidiaconum
533 1984 809 2068 Norhamptonie,
825 2005 1011 2067 perquam,
1026 1993 1096 2060 etc,
1108 1983 1273 2047 admissus
1288 1993 1339 2047 est
1354 1995 1388 2047 et
1404 1985 1437 2047 in
1454 2005 1494 2048 ea

230 2091 390 2154 canonice
426 2089 567 2152 vicarius
606 2098 784 2170 perpetuus
824 2088 995 2150 institutus
1009 2109 1016 2164 3
1054 2108 1119 2169 que
1156 2089 1308 2149 consistit
1347 2089 1380 2150 in
1419 2096 1492 2151 toto

230 2193 393 2276 altaragio
416 2202 526 2276 preter
548 2212 696 2255 annuum
721 2192 887 2256 redditum
913 2213 963 2254 xx
987 2190 1168 2254 solidorum
1185 2191 1227 2254 de
1244 2193 1316 2273 ipso
1331 2192 1492 2274 alteragio

231 2299 265 2361 in
281 2307 372 2361 certo
387 2297 461 2359 loco
473 2295 744 2359 subtrahendum.
793 2295 886 2358 ldem
908 2305 1020 2358 autem
1041 2295 1181 2358 vicarius
1201 2295 1308 2359 solvet
1328 2295 1493 2359 sinodalia

228 2410 262 2466 et
283 2401 444 2464 moniales
463 2400 649 2483 hospicium
670 2399 907 2463 Archidiaconi
925 2398 1166 2481 procurabunt3
1189 2409 1223 2462 et
1240 2399 1425 2480 injunctum
1442 2408 1493 2463 est

233 2503 483 2569 Archidiacono
498 2502 663 2587 presenti,¹
680 2513 741 2566 etc.

233 2829 371 2896 [Thmnas
392 2828 426 2880 de
447 2827 607 2890 Gnomliai,
626 2827 704 2890 clerk,
725 2829 750 2879 is
769 2829 916 2881 instituted
931 2833 957 2881 to
976 2829 1022 2881 tlte
1040 2829 1140 2882 chureii
1158 2830 1195 2897 of
1204 2829 1371 2898 Brougltton
1392 2846 1429 2884 on
1451 2830 1497 2884 the
1564 2859 1568 2866 ·

294 2911 483 2978 presentati'rm
493 2910 529 2978 of
535 2909 580 2961 the
588 2909 757 2962 Abiessand
766 2910 849 2962 Nunc
857 2912 892 2978 os
897 2911 931 2963 de
940 2910 969 2962 la
978 2911 1040 2971 Pre',
1052 2911 1179 2978 Stephen,
1189 2911 1234 2964 tlte
1237 2913 1374 2979 previous
1376 2916 1492 2980 parson,

299 2991 410 3060 having
420 2989 532 3047 entered
540 2990 681 3058 religion]

325 3108 722 3174 BRUCTON’.-Thomas
750 3109 792 3173 de
818 3108 1009 3185 Gnoushal',
1035 3111 1181 3186 clericus,
1205 3121 1413 3192 presentatus
1440 3134 1499 3195 per

237 3213 455 3277 Abbatissam
494 3222 528 3276 et
566 3212 727 3275 moniales
764 3212 807 3275 de
847 3215 946 3275 Prato
983 3223 1081 3276 extra
1120 3215 1423 3298 Norhamptoniam
1454 3217 1497 3278 ad

234 3317 412 3382 ecclesiam
437 3317 480 3380 de
507 3317 671 3392 Bructon’,
694 3326 869 3379 vacantem
892 3338 933 3379 eo
956 3317 1045 3398 quod
1071 3317 1262 3401 Stephanus
1284 3320 1440 3401 proximo
1464 3321 1496 3382 in

234 3441 276 3484 ea
291 3421 483 3484 ministrans
499 3422 681 3502 assumpsit
697 3420 847 3482 habitum
865 3420 1041 3502 religionis,
1057 3420 1145 3483 sacta
1159 3422 1261 3484 etiarn
1278 3423 1493 3504 inquisitione

235 3545 335 3608 super
350 3525 469 3588 eadem
486 3545 545 3607 per
561 3525 609 3602 R,
627 3522 920 3600 Archidiaconum,
936 3544 1119 3606 perquam,
1135 3536 1206 3602 etc,
1221 3525 1386 3589 admissus
1401 3534 1453 3590 est
1464 3537 1497 3589 et

237 3629 271 3692 in
312 3649 352 3692 ca
389 3629 547 3691 canonice
590 3648 732 3710 persona
775 3628 954 3690 institutus
1002 3627 1047 3691 Et
1085 3628 1281 3692 mandatum
1319 3639 1370 3692 est
1407 3629 1497 3692 dicto

237 3730 494 3809 Archidiacon0,
510 3740 570 3795 etc.
623 3730 857 3795 Subdiaconus
872 3740 930 3795 est.

236 4075 375 4146 [Richarci
383 4075 503 4144 Grffarrl.
519 4073 596 4138 clerk,
610 4076 635 4127 is
645 4075 791 4128 instituted
800 4080 826 4128 lo
844 4074 889 4127 tire
900 4075 1000 4128 churclt
1010 4074 1047 4142 os
1055 4076 1194 4144 Cosgrove
1204 4092 1240 4129 ou
1252 4076 1297 4129 the
1308 4077 1497 4144 presentation

301 4160 338 4227 os
348 4157 439 4226 Hugh
457 4157 491 4209 de
510 4156 619 4216 Almia.
632 4157 719 4210 Prior
734 4159 769 4226 os
781 4157 826 4210 tlte
843 4157 1033 4224 Hospitallers,
1055 4157 1147 4226 Hugh
1165 4159 1253 4211 Revel
1270 4159 1442 4226 renouncing
1453 4159 1498 4212 his

302 4241 385 4295 claim
397 4246 424 4293 to
435 4240 480 4293 tire
486 4242 666 4309 patronage]

327 4356 795 4423 commitiva-Ricardus
836 4356 983 4434 Giffard',
1025 4358 1170 4436 clericus,
1209 4369 1416 4441 presentatus
1454 4359 1496 4422 ad

239 4462 415 4528 ecclesiam
428 4461 470 4525 de
487 4463 697 4544 Covesgrava
712 4483 771 4544 per
786 4461 920 4525 fratrem
945 4462 1127 4544 Hugonem
1144 4463 1186 4526 de
1204 4463 1328 4526 Alneto
1351 4456 1496 4526 Priorem

241 4569 394 4630 Fratrum
411 4566 597 4647 Hospitalis
612 4563 872 4647 Jerosolimitani
884 4565 918 4626 in
933 4564 1066 4647 Anglia,
1077 4566 1165 4628 sacta
1182 4569 1271 4648 prius
1284 4566 1497 4646 inquisitione

239 4690 298 4752 per
327 4669 375 4746 R,
393 4667 675 4731 Archidiaconum
701 4668 976 4751 Norhamptonie,
996 4690 1055 4751 per
1081 4691 1192 4751 quam,
1207 4679 1277 4746 etc,
1295 4678 1329 4731 et
1352 4669 1498 4749 Hugone

241 4772 343 4836 Revel
361 4773 417 4856 qui
435 4774 468 4836 in
484 4773 601 4835 eadem
618 4772 757 4835 ecclesia
770 4772 824 4852 jus
841 4783 1036 4855 patronatus
1053 4773 1248 4849 vendicavit,
1259 4773 1367 4836 eidem
1383 4770 1447 4852 juri
1464 4774 1497 4834 in

482 5043 490 5074 ¹
505 5042 535 5096 ln
548 5043 595 5096 the
604 5045 709 5111 margin
719 5047 774 5095 :-‘·
785 5043 847 5096 Non
859 5043 997 5096 habemus
1009 5043 1267 5110 inquis[itiouem].”
