3609 5642
337 526 404 604 104
675 503 811 584 Rutuli
835 502 1010 606 Hugonis
1035 504 1079 584 de
1114 504 1247 584 Welles

329 749 401 816 [Tite
420 747 527 814 Bblrop
543 749 650 816 confers
666 748 710 800 tire
721 747 821 801 citurctt
833 749 868 817 of
879 747 1029 815 Sz'bbertost
1045 764 1082 800 on
1097 748 1222 801 Willtizm
1242 748 1379 810 Blandus,
1401 748 1466 800 wito
1484 747 1546 800 also
1564 747 1591 798 ir

393 829 582 896 subsequently
591 829 741 897 presented
758 829 791 897 by
807 830 852 882 tite
868 829 958 882 Abbot
971 829 1032 882 and
1053 829 1179 882 Convent
1195 831 1231 899 os
1242 829 1334 897 Sulby.
1351 829 1435 881 when
1453 829 1515 895 they
1532 825 1594 879 irad

388 911 498 979 proveri
504 912 578 964 tter'r
586 911 668 980 right
676 917 702 964 to
713 911 941 980 thepotronoge]

418 1049 830 1130 §mamert-Magister
853 1048 1042 1112 Willelmus
1066 1049 1216 1113 Blundus
1239 1049 1281 1112 de
1306 1049 1519 1132 Linc[olnia],
1534 1049 1590 1112 cui

329 1153 485 1216 dominus
524 1153 711 1236 Episcopus
749 1154 890 1217 contulit
928 1154 1102 1217 ecclesiam
1133 1154 1175 1217 de
1206 1153 1360 1219 Sibetost'
1391 1152 1591 1216 auctoritate

330 1257 478 1332 Concilii,
502 1258 594 1320 salvo
614 1258 831 1340 imposterum
850 1257 924 1339 jure
944 1255 1217 1339 unius-cujusque
1236 1259 1292 1340 qui
1311 1257 1365 1339 jus
1393 1265 1590 1339 patronatus

328 1361 462 1424 evicerit
479 1363 510 1424 in
528 1360 655 1436 eadem,
665 1361 830 1424 admissus
846 1371 898 1424 est
920 1372 954 1424 et
970 1361 1003 1423 in
1019 1381 1059 1424 ea
1075 1363 1234 1425 canonice
1250 1381 1392 1444 persona
1408 1361 1588 1423 institutus

333 1463 378 1526 Et
403 1463 599 1526 mandatum
623 1474 673 1526 est
699 1463 837 1526 Decano
860 1463 902 1526 de
927 1461 1200 1547 Erningetiorth',
1216 1465 1306 1546 quod
1327 1465 1436 1547 ipsum
1461 1465 1495 1526 in
1518 1483 1590 1525 cor-

329 1569 486 1650 poralem,
502 1577 562 1630 etc.
610 1569 730 1631 Postea
752 1567 869 1631 Abbas
892 1579 926 1632 et
949 1579 1133 1632 conventus
1146 1570 1188 1632 de
1209 1569 1336 1652 Suleby
1351 1571 1521 1634 evicerunt
1535 1566 1591 1648 jus

313 1695 314 1699 ¹
329 1671 524 1754 patronatus
545 1671 694 1751 ejusdem
717 1671 854 1735 ecclesie
875 1673 907 1734 in
925 1674 1016 1736 curia
1031 1672 1158 1735 domini
1176 1673 1294 1756 Regis3
1309 1682 1343 1736 et
1359 1672 1400 1737 ad
1419 1680 1590 1756 presenta-

328 1775 453 1837 tionem
481 1775 627 1857 ipsorum
655 1774 790 1838 admisit
817 1786 851 1839 et
876 1796 1052 1858 personam
1079 1777 1221 1840 instituit
1252 1778 1361 1859 ipsum
1388 1776 1589 1859 Magistrum

329 1877 535 1940 Willelmum
553 1879 585 1941 in
602 1877 728 1941 eadem.
776 1877 820 1940 Et
843 1876 1039 1942 mandatum
1061 1889 1112 1942 est
1133 1879 1377 1943 Archidiacono
1399 1878 1589 1961 Norhamp-

328 1982 426 2045 tonie.

327 2288 437 2358 [Hemy
456 2289 490 2342 rte
508 2290 670 2356 Campania,
690 2290 767 2352 clerk,
788 2291 810 2341 is
829 2290 975 2342 instituted
989 2296 1015 2343 to
1032 2290 1077 2343 tite
1094 2291 1193 2343 chureii
1210 2291 1246 2358 of
1257 2291 1346 2344 Ecton
1363 2307 1399 2343 on
1417 2291 1463 2343 tiu
1475 2294 1590 2358 presert-

393 2373 479 2423 tatton
496 2372 532 2439 of
542 2370 666 2424 Wiltam
675 2371 708 2422 dc
720 2371 867 2434 Ferrarii,
881 2371 957 2424 Earl
966 2373 1002 2441 of
1014 2372 1110 2440 Derby,
1124 2372 1157 2440 by
1168 2389 1266 2426 reason
1277 2372 1313 2439 of
1319 2372 1365 2425 tite
1376 2371 1488 2440 cutody
1498 2373 1534 2440 os
1543 2371 1591 2424 tire

392 2453 463 2506 land
471 2454 533 2505 and
540 2453 604 2506 heir
612 2454 648 2520 of
665 2453 789 2506 Wiliam
800 2453 834 2506 de
847 2455 944 2506 Monte
958 2454 1094 2520 Gummtt

418 2581 812 2644 EKETON’.—Henricus
833 2582 875 2644 de
900 2582 1096 2664 Campania,
1122 2581 1269 2657 clericus,
1293 2591 1504 2664 presentatus
1531 2600 1590 2663 per

330 2686 536 2748 Willelmum
553 2685 595 2748 de
613 2686 769 2748 Ferrariis
787 2684 954 2748 Comitem
978 2686 1114 2768 Dereby
1129 2687 1257 2750 ratione
1278 2685 1430 2750 custodie
1449 2694 1535 2749 terre
1555 2695 1590 2748 et

327 2789 457 2853 heredis
488 2789 647 2852 Willelmi
678 2787 720 2850 de
753 2788 870 2851 Monte
902 2789 1038 2852 Gumeri
1069 2789 1111 2853 ad
1149 2790 1323 2853 ecclesiam
1354 2789 1397 2852 de
1436 2789 1590 2864 Eketon',

327 2893 490 2974 susceptis
517 2894 607 2975 prius
635 2893 752 2955 litteris
784 2893 976 2974 patentibus
1003 2894 1152 2976 magistri
1181 2893 1344 2976 Stephani
1371 2894 1415 2957 de
1446 2891 1590 2956 Eketon'

326 2996 496 3078 quondam
523 3016 663 3077 persone
683 2995 833 3076 ejusdem
855 2996 994 3058 ecclesie
1010 2996 1100 3078 quod
1123 2996 1223 3059 nichil
1243 2995 1325 3077 juris
1342 2996 1532 3059 vendicavit
1556 2998 1589 3057 in

326 3100 455 3175 eadem,
470 3111 504 3163 et
520 3100 608 3163 sacta
625 3100 839 3181 inquisitione
856 3121 914 3182 per
939 3100 987 3175 R,
1003 3099 1289 3162 Archidiaconum
1311 3098 1590 3181 Norhamptonie,

326 3215 397 3281 etc,
420 3204 586 3267 admissus
609 3213 660 3266 est
683 3213 717 3266 et
740 3203 773 3265 in
797 3224 837 3265 ea
860 3205 1021 3266 canonice
1044 3224 1186 3286 persona
1213 3204 1394 3279 institutus,
1417 3202 1479 3265 sub
1502 3222 1590 3284 pena

327 3307 476 3382 Concilii,
491 3318 525 3370 et
541 3307 642 3370 etiam
659 3307 722 3369 sub
738 3326 825 3388 pena
840 3306 1124 3369 incontinentibus
1144 3306 1276 3369 inflicta.
1324 3305 1369 3368 Et
1389 3306 1588 3368 mandatum

326 3423 377 3476 est
392 3411 483 3474 dicto
500 3410 757 3486 Archidiacono,
773 3419 834 3472 etc.

327 3741 440 3811 [Ralpla
453 3741 628 3808 charitatum
648 3739 795 3792 instituted
807 3745 834 3792 to
852 3738 1052 3806 tupapetmt
1059 3740 1191 3806 vz'ccrage
1211 3739 1247 3806 os
1259 3739 1344 3792 Little
1361 3740 1476 3808 Biilritg
1493 3757 1530 3793 on
1544 3742 1591 3794 tlte

387 3823 576 3891 presentatiorr
591 3823 627 3888 os
638 3822 684 3874 the
695 3821 781 3874 Prior
790 3820 850 3872 arrd
862 3820 1032 3888 conventos
1043 3820 1082 3872 St.
1095 3820 1248 3883 Andrew's,
1263 3820 1493 3891 rvmtamptons

416 3957 807 4032 BILLING.-Radulsus,
826 3957 1050 4039 cappellanus,
1072 3966 1282 4038 presentatus
1303 3979 1362 4040 per
1384 3959 1531 4021 Priorem
1556 3966 1590 4020 et

327 4072 528 4126 conventum
552 4062 665 4126 Sancti
692 4062 829 4125 Andree
850 4061 1118 4144 Norhamptonie
1142 4060 1184 4123 ad
1211 4071 1407 4144 perpetuam
1430 4063 1588 4125 vicariam

327 4167 465 4232 ecclesie
487 4165 530 4228 de
555 4166 660 4227 Parva
685 4164 826 4246 Billing'‚
849 4164 938 4227 facta
960 4166 1050 4247 prius
1075 4165 1289 4246 inquisitione
1312 4186 1371 4247 per
1395 4165 1444 4243 R,
1469 4164 1589 4229 Archi-

326 4273 506 4335 diaconum
532 4269 808 4352 Norhamptonie,
831 4279 901 4344 etc,
924 4268 1090 4332 admissus
1113 4279 1173 4344 est,
1188 4277 1222 4331 et
1244 4269 1385 4331 vicarius
1409 4279 1590 4351 perpetuus

329 4377 508 4440 institutus,
558 4374 707 4436 Habebit
745 4384 857 4435 autem
889 4373 1030 4435 vicarius
1061 4373 1196 4436 nomine
1226 4373 1347 4435 vicarie
1385 4393 1444 4436 sue
1482 4383 1589 4436 totam

327 4479 501 4542 ecclesiam
534 4477 716 4558 predictam
752 4485 862 4557 preter
900 4485 1021 4539 terram
1059 4475 1262 4538 dominicam
1301 4477 1404 4557 ipsius
1442 4475 1591 4550 ecclesie,

329 4582 499 4646 reddendo
519 4583 596 4643 inde
619 4581 792 4642 annuatim
817 4601 866 4641 xx
890 4581 1015 4642 solidos
1038 4599 1167 4641 annuos
1192 4579 1363 4642 monachis
1388 4579 1589 4642 memoratis,

330 4685 375 4748 Et
391 4684 586 4747 mandatum
605 4694 655 4746 est
671 4685 761 4746 dicto
780 4683 1035 4760 Archidiacono,
1050 4691 1111 4745 etc.
