3609 5642
354 568 424 653 264
697 558 832 633 Rotulz'
856 556 1032 656 Hugonis
1057 558 1100 633 de
1135 558 1268 633 Welles

350 801 492 865 eandem
513 800 687 864 ecclesiam
707 799 891 875 admisisse,
911 800 1088 882 ipsumque
1107 808 1190 867 etc.;
1219 798 1320 862 salvis
1339 808 1401 861 etc.
1448 796 1549 880 Quod
1572 806 1608 860 ut

350 912 421 979 etc,
437 900 577 965 testibus
593 909 627 963 et
642 899 723 963 data
739 910 774 962 ut
790 921 891 983 supra
907 898 940 961 in
956 910 1048 963 carta
1064 900 1229 982 proxima.

350 1245 424 1313 [Tlu
449 1246 607 1298 institution
634 1247 670 1313 os
693 1245 791 1298 Simon
819 1243 853 1297 dc
875 1243 1037 1297 Blukcvtlle
1058 1249 1085 1297 to
1107 1243 1152 1297 nu
1174 1243 1275 1296 church
1297 1244 1332 1311 of
1355 1242 1480 1311 Gumny,
1504 1242 1610 1304 Leics.,·

416 1326 506 1395 April
516 1330 555 1387 τό,
568 1329 653 1394 1255]

439 1436 936 1503 GUMUNDELEv.-Omnibus
970 1448 1031 1500 etc.
1094 1436 1233 1499 Noverit
1271 1434 1470 1498 universitas
1500 1444 1610 1497 vestra

351 1561 413 1603 nos
428 1539 470 1603 ad
489 1542 769 1623 presentationem
786 1540 983 1603 dilectorum
1001 1539 1152 1615 filiorum,
1170 1539 1290 1602 Prioris
1309 1548 1344 1602 et
1367 1548 1552 1601 conventus
1567 1536 1610 1599 de

353 1644 532 1720 Daventre,
547 1654 763 1727 patronorum
780 1644 919 1707 ecclesie
934 1642 977 1707 de
993 1643 1239 1726 Gumundeley,
1251 1642 1411 1705 dilectum
1425 1644 1458 1705 in
1476 1640 1610 1706 Christo

351 1746 454 1810 filium
484 1748 668 1828 Symonem
699 1746 742 1809 de
774 1745 967 1823 Blukeville,
997 1747 1163 1823 clericum,
1189 1746 1232 1809 ad
1264 1745 1406 1809 eandem
1433 1744 1609 1808 ecclesiam

351 1851 534 1927 admisisse,
550 1852 727 1933 ipsumque
742 1862 802 1915 etc.
817 1871 824 1927 ;
840 1851 941 1915 salvis
956 1860 1017 1915 etc.
1064 1850 1166 1933 Quod
1184 1860 1219 1913 ut
1234 1860 1306 1927 etc,
1322 1850 1464 1913 testibus
1479 1858 1513 1912 et
1529 1848 1610 1912 data

352 1964 504 2038 utsupra
520 1956 553 2018 in
569 1964 660 2018 carta
677 1956 840 2038 proxima.

350 2212 424 2279 [The
435 2214 591 2265 institution
603 2214 717 2281 ossolm
729 2218 756 2265 to
767 2212 813 2265 tlte
823 2214 955 2281 vr'carage
965 2213 1002 2281 os
1013 2210 1224 2280 Wappenham]

437 2321 885 2386 wammam—Omnibus
913 2333 973 2386 etc.
1024 2322 1164 2385 Noverit
1190 2322 1386 2385 universitas
1411 2331 1522 2385 vestra
1547 2340 1607 2383 nos

350 2427 391 2490 ad
431 2427 713 2509 presentationem
752 2426 884 2489 Thome
921 2427 965 2489 de
1004 2426 1181 2509 Pinkigny,
1217 2426 1353 2489 rectoris
1389 2425 1528 2489 ecclesie
1565 2424 1608 2487 de

351 2529 573 2612 Wappeham,
605 2530 845 2593 interveniente
884 2530 1011 2594 Leticie
1048 2529 1090 2593 de
1130 2530 1225 2611 Lucy
1264 2540 1404 2611 patrone
1434 2548 1609 2601 consensu,

349 2633 507 2697 dilectum
525 2636 558 2696 in
575 2633 709 2698 Christo
725 2633 829 2696 filium
847 2633 1046 2715 Johannem,
1061 2634 1281 2717 capellanum,
1293 2633 1335 2697 ad
1352 2634 1455 2716 ipsius
1471 2632 1610 2697 ecclesie

350 2738 507 2800 vicariam
531 2737 706 2799 admisisse
730 2738 908 2819 ipsumque
931 2738 963 2800 in
988 2758 1028 2800 ea
1051 2738 1210 2801 canonice
1230 2738 1388 2800 vicarium
1409 2745 1607 2819 perpetuum

351 2840 534 2904 instituisse
571 2860 646 2902 cum
685 2860 785 2903 onere
819 2840 1029 2904 ministrandi
1062 2840 1278 2923 personaliter
1308 2840 1340 2903 in
1371 2839 1514 2916 eadem;
1551 2840 1608 2921 qui

351 2943 486 3025 quidem
512 2945 647 3007 nomine
672 2946 793 3007 vicarie
818 2966 877 3008 sue
900 2945 1037 3009 habebit
1060 2956 1168 3009 totum
1192 2946 1390 3029 alteragium
1413 2954 1447 3007 et
1470 2943 1608 3008 bladum

351 3050 498 3131 quinque
528 3068 678 3111 acrarum
710 3070 785 3111 cum
822 3069 948 3126 manso,
979 3049 1141 3113 solvendo
1180 3049 1257 3113 inde
1294 3049 1466 3113 annuatim
1507 3049 1611 3131 ipsius

351 3151 489 3216 ecclesie
506 3173 646 3234 persone
663 3154 779 3234 viginti
799 3153 924 3216 solidos
946 3153 988 3216 ad
1009 3164 1153 3235 quatuor
1173 3154 1333 3217 terminos
1352 3163 1386 3217 ct
1405 3152 1490 3215 duas
1510 3152 1610 3215 libras

351 3278 424 3320 cere
446 3255 488 3318 ad
509 3246 594 3319 duos
614 3258 795 3335 terminos;
818 3257 925 3321 solvet
944 3259 1046 3321 etiam
1067 3257 1253 3335 sinodalia3
1277 3257 1378 3321 salvis
1397 3267 1462 3321 etc.
1509 3256 1609 3339 Quod

351 3371 388 3424 ut
417 3370 488 3436 etc,
513 3361 653 3424 testibus
683 3373 717 3424 et
748 3360 829 3424 data
858 3372 895 3425 ut
926 3363 959 3425 in
991 3372 1083 3425 carta
1113 3361 1252 3425 ecclesie
1282 3362 1325 3425 de
1357 3360 1546 3424 Brantesed'
1577 3361 1608 3422 in

352 3464 623 3527 archidiaconatu
642 3464 907 3547 Huntingdonie.

349 3722 421 3786 [The
432 3722 589 3774 institution
600 3722 635 3789 of
642 3721 735 3790 Ralplr
747 3721 780 3773 rte
794 3722 963 3789 Colingluam
973 3728 999 3775 to
1010 3722 1055 3774 tiu
1067 3722 1167 3775 chureii
1179 3722 1216 3790 os
1222 3722 1390 3789 Kettering,·
1405 3736 1449 3773 see
1454 3724 1487 3789 p.
1500 3726 1570 3787 [ῃ]

439 3830 892 3895 KETERINGE.-Omnibus
919 3842 979 3895 etc.
1033 3832 1172 3895 Noverit
1195 3832 1393 3895 universitas
1416 3842 1527 3897 vestra
1551 3854 1611 3897 nos

349 3935 393 3999 ad
410 3935 691 4017 presentationem
711 3935 909 3999 dilectorum
930 3935 1072 3999 filiorum
1096 3935 1241 3999 Abbatis
1256 3946 1291 3999 et
1307 3945 1492 4000 conventus
1510 3938 1611 4021 Burgi

350 4040 457 4102 sancti
474 4040 572 4114 Petri,
588 4050 805 4121 patronorum
821 4041 960 4103 ecclesie
975 4039 1018 4104 de
1042 4040 1234 4123 Keteringe‚
1250 4039 1409 4103 dilectum
1426 4041 1460 4103 in
1477 4040 1611 4106 Christo

351 4142 455 4207 filium
479 4144 679 4225 Magistrum
701 4144 883 4208 Radulium
903 4144 947 4208 de
967 4144 1206 4228 Colingh[am],
1222 4144 1387 4219 clericum,
1403 4143 1445 4207 ad
1466 4146 1609 4211 eandem

350 4247 524 4310 ecclesiam
556 4246 738 4324 admisisse,
769 4249 946 4331 ipsumque
976 4259 1057 4326 etc.;
1091 4248 1191 4311 salvis
1220 4258 1281 4311 etc.
1339 4246 1440 4330 Quod
1472 4257 1509 4310 ut
1539 4260 1610 4325 etc,

351 4350 491 4414 testibus
506 4360 542 4413 et
556 4350 637 4413 data
652 4361 689 4413 ut
705 4352 738 4413 in
754 4362 846 4415 carta
862 4353 1058 4415 monialium
1071 4353 1114 4416 de
1128 4352 1280 4415 Ruhenh'
1292 4352 1323 4414 in
1337 4351 1607 4418 archidiaconatu

354 4454 617 4536 Huntingdonie.

350 4711 422 4779 [Tlu
437 4712 593 4764 institution
610 4712 646 4778 of
657 4712 741 4764 Peter
753 4712 788 4766 de
800 4714 945 4767 Brantona
957 4719 984 4767 to
994 4714 1040 4768 tlu
1051 4714 1183 4781 vecuruge
1193 4713 1228 4781 os
1240 4711 1487 4781 Wellingborough
1494 4730 1508 4774 ;
1524 4713 1607 4783 Aug..

417 4810 482 4858 1233
488 4810 502 4855 ,¹
516 4810 559 4846 see
565 4798 595 4863 p.
609 4792 677 4861 top]

438 4894 958 4961 WENLINGBUR(;.—Omnibus
988 4907 1048 4960 etc.
1106 4896 1244 4959 Noverit
1276 4896 1474 4961 universitas
1500 4907 1607 4961 vestra

352 5019 412 5061 nos
428 4998 469 5061 ad
489 5000 769 5080 presentationem
789 5000 934 5065 Abbatis
949 5012 983 5065 et
1000 5011 1184 5064 conventus
1199 5000 1242 5064 de
1259 4999 1457 5083 Croylande,
1474 5011 1607 5083 patron-
