3609 5642
333 558 404 625 216
673 536 809 623 Rotulz'
834 537 1009 646 Hugonzr
1034 540 1078 620 cle
1113 542 1245 619 Welles

332 705 418 709 --—-
435 694 507 709 l..—-
519 704 564 708 ..—
593 703 651 707 —-
663 701 930 707 *κν-...-
958 701 1003 705 —
1044 698 1114 705 ...-
1131 694 1584 704 ——-.——-—--—.——-—-

333 799 527 875 precentore
569 788 804 865 Lincolniensi,
842 788 894 851 W.
932 787 1166 852 archidiacono
1208 784 1378 859 wellensi,
1419 781 1590 865 Magistris

336 895 470 978 Rogero
492 894 535 956 de
556 892 698 956 Lakkok
718 902 753 956 et
773 891 944 956 Willelmo
964 892 1006 955 de
1026 890 1300 965 Winchecumbe,
1320 888 1489 952 canonicis
1513 887 1590 950 Lin-

334 998 568 1075 colniensibus,
589 998 760 1081 Magistris
780 996 952 1061 Willelmo
974 996 1017 1060 de
1041 994 1298 1077 Beningworthe
1321 1006 1355 1057 et
1381 991 1526 1056 Ricardo
1549 990 1591 1054 de

336 1104 465 1180 Cantia,
495 1102 685 1185 capellanis,
717 1102 887 1184 Magistris
919 1100 1070 1165 Waltero
1100 1100 1142 1164 de
1178 1097 1335 1173 Crumba,
1367 1096 1513 1160 Ricardo
1550 1094 1591 1158 de

337 1207 459 1284 Oxon',
483 1208 511 1289 J.
537 1207 581 1270 de
607 1205 803 1282 Bannebire,
833 1204 988 1287 Philippo
1015 1203 1058 1267 de
1085 1204 1286 1285 Langeport,
1310 1211 1345 1264 et
1373 1200 1525 1265 Gallrido
1549 1199 1592 1263 de

338 1311 451 1388 Moris,
466 1331 555 1374 anno
571 1310 787 1393 pontificatus
802 1309 906 1372 nostri
923 1309 1002 1371 xvii.

335 1656 410 1723 [The
419 1656 575 1709 imtitutron
586 1657 623 1725 os
628 1655 728 1708 Robert
735 1671 786 1708 son
797 1656 832 1724 of
844 1655 949 1707 Walter
958 1659 985 1707 to
995 1653 1041 1707 the
1051 1652 1152 1705 cturclt
1165 1652 1200 1719 of
1212 1650 1381 1718 Woocfford,·
1396 1664 1439 1702 see
1446 1653 1477 1716 p.
1491 1650 1560 1715 πάϊ]

423 1773 895 1839 WUDEFORDE.—Omnibus
918 1783 979 1836 etc,
1026 1772 1166 1836 Noverit
1187 1771 1382 1834 universitas
1402 1778 1512 1831 vestra
1532 1787 1592 1830 nos

335 1880 378 1943 ad
395 1880 676 1962 presentationem
695 1879 730 1941 B.
747 1878 789 1942 de
805 1878 882 1955 Ver,
899 1878 1031 1961 patroni
1048 1874 1238 1940 medietatis
1253 1874 1393 1937 ecclesie
1408 1872 1451 1937 de
1467 1870 1592 1934 Wude·

335 1983 428 2047 forde
449 1984 576 2047 ratione
596 1982 746 2046 custodie
766 1993 851 2046 terre
870 1992 905 2046 et
925 1981 1056 2045 heredis
1078 1979 1237 2043 Willelmi
1259 1977 1374 2042 Maule
1393 1997 1494 2060 quam
1516 1974 1593 2038 inde

334 2088 445 2163 habet,
474 2087 632 2151 dilectum
666 2088 698 2149 in
730 2085 863 2152 Christo
888 2085 992 2149 filium
1027 2086 1211 2149 Robertum
1237 2082 1341 2146 filium
1370 2081 1510 2145 Walteri
1537 2078 1593 2141 filii

338 2191 485 2268 Roberti,
504 2191 670 2267 clericum,
686 2191 728 2254 ad
752 2190 895 2255 eandem
920 2190 1095 2254 admisisse
1117 2199 1188 2264 etc,
1207 2189 1293 2251 sicut
1317 2188 1349 2249 in
1374 2185 1485 2249 rotulo
1508 2185 1594 2248 inter

336 2305 444 2359 cartas
462 2295 720 2377 Huntingdonie
736 2315 825 2358 anno
841 2293 1055 2376 pontificatus
1073 2293 1176 2355 nostri
1195 2292 1273 2355 xvii.

336 2640 379 2707 [T
375 2639 409 2693 he
419 2642 577 2694 imtitution
588 2642 624 2709 of
629 2641 704 2708 Rals
709 2640 744 2693 de
755 2640 878 2693 Norwic’
889 2645 916 2692 to
927 2640 973 2691 the
983 2639 1084 2692 churclr
1097 2638 1132 2707 os
1143 2636 1309 2695 Pickwortk.
1322 2634 1468 2698 Rulland,·
1486 2634 1542 2687 Oct.
1552 2652 1592 2700 51,

401 2726 466 2774 1226
472 2741 486 2785 ,·
501 2739 544 2777 see
550 2728 581 2791 p.
594 2728 662 2789 [μ]

425 2851 847 2916 PYKEWRD'.-Omnibus
866 2865 927 2915 etc.
976 2852 1114 2914 Noverit
1136 2850 1334 2913 universitas
1349 2858 1459 2911 vestra
1475 2868 1539 2910 nos
1554 2847 1594 2909 ad

337 2950 619 3040 presentationem
652 2956 812 3019 Willelmi
841 2955 886 3019 de
915 2954 1064 3031 Gisnet0,
1095 2953 1226 3037 patroni
1257 2952 1396 3016 ecclesie
1425 2951 1469 3015 de
1502 2951 1596 3015 Pike-

337 3061 472 3137 wurthe‚
487 3059 645 3124 dilectum
664 3061 697 3122 in
719 3059 853 3125 Christo
869 3059 973 3123 filium
997 3058 1180 3124 Radulfum
1200 3058 1243 3121 de
1265 3057 1415 3133 Norwic',
1431 3055 1597 3131 clericum,

336 3164 552 3247 dispensante
583 3184 658 3227 curn
683 3185 725 3227 eo
754 3164 935 3228 venerabili
961 3173 1054 3246 patre
1079 3164 1171 3246 Papa
1201 3161 1361 3238 Honori0,
1386 3160 1428 3224 ad
1454 3159 1596 3224 eandem

337 3268 511 3334 ecclesiam
543 3269 727 3346 admisisse,
758 3270 935 3351 ipsumque
964 3278 1046 3346 etc.;
1084 3268 1184 3331 salvis
1214 3276 1275 3329 etc.
1334 3263 1436 3348 Quod
1468 3274 1506 3327 ut
1535 3275 1597 3328 etc.

339 3372 415 3434 Hiis
449 3372 599 3447 testibus,
628 3373 783 3455 Johanne
821 3383 1024 3455 precentore‚
1057 3371 1228 3434 Willelmo
1258 3370 1301 3434 de
1332 3368 1598 3432 Winchecumbe

337 3477 498 3540 canonico
515 3475 843 3559 Lincoln[iensibus]‚
862 3475 1034 3557 Magistris
1054 3474 1230 3563 Willelmo
1245 3473 1288 3537 de
1309 3472 1546 3555 Benigwurthe
1565 3480 1599 3533 et

339 3579 484 3643 Ricardo
495 3580 538 3643 de
555 3580 684 3658 Cantia,
699 3580 890 3662 capellanis,
905 3578 1050 3643 Ricardo
1065 3579 1108 3642 de
1125 3578 1247 3654 Oxon’,
1263 3577 1408 3641 Ricardo
1422 3576 1599 3651 Mauclerc,

338 3683 489 3748 Galsrido
509 3682 551 3747 de
573 3684 686 3760 Moris,
706 3683 841 3746 Thoma
860 3684 902 3746 de
925 3682 1076 3765 Askeby,
1095 3693 1129 3747 et
1150 3681 1297 3745 Radullo
1316 3681 1359 3744 de
1380 3679 1599 3763 Repinghale,

338 3787 472 3851 clericis.
520 3788 611 3851 Data
626 3808 685 3869 per
701 3808 837 3850 manum
857 3786 991 3851 Radulfi
1009 3787 1052 3851 de
1068 3785 1257 3863 Waraville,
1273 3785 1423 3848 canonici
1443 3784 1599 3848 Lincoln-

340 3893 448 3967 iensis‚
473 3892 579 3975 pridie
607 3890 768 3955 kalendas
798 3891 1008 3967 Novembris,
1033 3889 1247 3973 pontificatus
1274 3890 1378 3952 nostri
1406 3909 1496 3953 anno
1522 3889 1601 3961 xvii,

340 3995 429 4078 apud
447 3995 640 4078 Tinghurst.

340 4256 383 4324 [Τ
378 4255 413 4308 lu
425 4253 531 4320 Bishop
542 4253 673 4321 confitens
685 4254 731 4306 the
741 4253 901 4306 institution
913 4254 948 4321 os
960 4252 1086 4306 Richard
1094 4252 1127 4305 de
1139 4250 1305 4319 Stavenesby
1315 4256 1342 4303 to
1353 4266 1371 4302 a
1383 4250 1499 4317 mcdiety
1510 4250 1546 4317 os
1558 4250 1603 4303 thr

405 4335 507 4390 ctrurclr
519 4336 555 4404 os
565 4335 678 4393 Tansor.
690 4336 771 4388 made
781 4336 814 4403 by
825 4336 870 4389 rte
878 4336 937 4389 late
948 4336 1029 4389 Dean
1042 4336 1077 4403 os
1084 4334 1220 4403 [Μῖνι]

429 4464 917 4529 murmure-Omnibus
929 4473 990 4527 etc,
1029 4464 1168 4528 Noverit
1182 4462 1378 4526 universitas
1391 4469 1502 4523 vestra
1511 4458 1600 4541 quod

343 4590 404 4632 nos
428 4568 672 4632 institutionem
696 4568 807 4631 dilecti
829 4570 862 4630 in
883 4568 1018 4633 Christo
1038 4567 1095 4630 filii
1119 4566 1252 4631 Ricardi
1273 4564 1316 4628 de
1337 4562 1549 4647 Stavenesby
1570 4564 1601 4625 in

345 4671 526 4735 medietate
541 4672 679 4736 ecclesie
698 4672 741 4734 de
762 4673 956 4736 Tanesoure
976 4694 1034 4756 per
1053 4672 1211 4735 dilectum
1233 4670 1404 4752 quondam
1423 4668 1603 4751 Rogerum‚

347 4776 521 4839 Decanum
541 4776 819 4854 Lincolniensem,
835 4777 878 4840 de
894 4777 1028 4860 speciali
1046 4776 1208 4840 mandato
1224 4784 1339 4838 nostro
1355 4758 1390 4838 et
1405 4772 1602 4836 auctoritate

346 4890 459 4944 nostra
485 4880 619 4955 factam,
643 4882 743 4945 salvis
769 4882 937 4964 prebende
967 4880 1010 4946 de
1038 4882 1241 4961 Nessigtone
1267 4878 1398 4942 duabus
1424 4877 1544 4941 marcis
1570 4888 1603 4939 et

346 4983 485 5048 dimidia
501 4984 544 5047 de
560 4984 710 5067 predicta
726 4986 906 5050 medietate
922 5007 981 5069 per
997 5006 1133 5050 manum
1150 4984 1286 5049 rectoris
1301 4981 1452 5064 ejusdem
1469 4982 1527 5063 qui
1545 5000 1604 5063 pro
