3609 5642
621 535 798 632 Episcopi
820 536 1104 610 Lincolniensis.
1439 561 1490 632 95

227 775 314 838 hanc
327 775 573 840 ordinationem
585 786 732 841 nostram
743 777 954 841 costituimus
966 780 1056 860 quod
1070 787 1188 840 neutra
1198 776 1343 859 partium
1354 776 1490 860 aliquod

227 881 260 942 in
278 879 351 944 soro
366 879 591 944 ecclesiastico
607 879 657 943 vel
675 880 813 944 seculari
824 891 941 945 contra
951 880 1013 944 hoc
1024 880 1115 962 quod
1126 880 1355 944 ordinavimus
1371 881 1490 963 impet-

227 983 322 1047 rabit
371 983 626 1046 Reservavimus
651 1003 785 1065 quoque
815 985 913 1046 nobis
943 994 1001 1046 aut
1031 982 1126 1046 alteri
1158 992 1308 1045 nostrum
1338 983 1490 1064 jurisdic-

227 1088 366 1159 tionem,
392 1086 628 1162 cohertionem,
656 1086 941 1150 modificationem
972 1097 1005 1150 et
1044 1087 1353 1169 interpretationem
1392 1108 1493 1172 super

229 1191 407 1274 premissis,
424 1192 450 1254 si
467 1191 551 1254 sorte
567 1190 678 1273 aliqua
695 1193 838 1274 partium
855 1191 1057 1255 ordinationi
1076 1199 1188 1254 nostre
1204 1191 1316 1272 aliquo
1339 1202 1491 1274 tempore

228 1295 431 1370 adversetur,
447 1295 497 1358 vel
522 1315 620 1376 super
643 1315 683 1356 ea
706 1295 890 1356 obscuritas
907 1294 958 1359 vel
982 1293 1185 1376 ambiguitas
1207 1294 1341 1358 oriatur.
1388 1297 1493 1359 Porro

228 1399 310 1462 dicti
340 1408 570 1481 procuratores
600 1409 634 1462 et
664 1398 835 1480 Johannes
865 1399 908 1462 de
940 1398 1055 1474 Colna,
1085 1409 1296 1463 sacramento
1327 1402 1491 1483 corporali

229 1502 585 1584 prestit0,juraverunt
608 1503 694 1565 hanc
710 1501 956 1565 ordinationem
980 1511 1129 1565 nostram
1154 1522 1190 1565 se
1214 1502 1356 1567 fideliter
1379 1505 1491 1567 obser-

228 1615 372 1668 vaturos.
421 1605 612 1686 lnjunctum
640 1615 691 1668 est
715 1605 826 1682 etiam,
852 1605 1004 1686 ejusdem
1036 1605 1257 1669 ordinationis
1280 1609 1489 1685 auctoritate,

228 1709 327 1773 dictis
366 1708 634 1791 procuratoribus
672 1707 762 1791 quod
801 1708 886 1771 infra
917 1719 1051 1791 tempus
1082 1709 1279 1773 canonicum
1311 1732 1488 1793 personam

229 1815 385 1877 idoneam
402 1813 540 1876 domino
559 1811 783 1875 Lincolniensi
802 1810 973 1894 Episcopo
989 1823 1190 1894 presentent
1240 1814 1400 1896 Alioquin
1411 1827 1489 1898 post

229 1918 360 2000 lapsum
377 1917 537 1999 temporis
553 1917 586 1978 in
604 1915 806 1998 perficiendo
823 1916 936 1978 Priore
952 1915 1050 1979 officii
1068 1917 1117 1979 sui
1130 1916 1282 1980 debitum
1295 1930 1491 2000 exequatur.

230 2021 405 2086 Ordinalia
436 2017 565 2103 pridem
596 2041 616 2083 a
642 2019 754 2082 Priore
781 2020 824 2082 de
851 2020 1073 2102 Dunestaplia
1100 2031 1133 2084 et
1161 2041 1224 2097 me,
1242 2021 1490 2087 Archidiacono

230 2125 544 2201 Norhamtoniense,
575 2134 654 2187 tunc
687 2123 935 2186 Archidiacono
973 2123 1242 2200 Bedefordiense,
1272 2125 1360 2190 facta
1390 2147 1490 2209 super

229 2239 318 2294 statu
334 2229 415 2292 dicti
432 2227 595 2310 prioratus
612 2247 673 2289 suo
696 2226 814 2290 robore
837 2227 1004 2290 duratura
1053 2227 1149 2304 Item,
1166 2249 1224 2310 per
1247 2229 1333 2293 hanc
1357 2230 1492 2294 ordina-

229 2335 355 2398 tionem
372 2342 535 2396 statutum
553 2340 612 2408 est,
628 2329 718 2412 quod
735 2329 851 2411 ejectis
866 2341 901 2394 et
925 2332 1057 2413 penitus
1073 2332 1218 2395 exclusis
1236 2334 1408 2398 monachis
1424 2333 1488 2397 illis

229 2457 288 2520 per
303 2456 387 2518 quos
403 2434 598 2498 scandalum
616 2433 648 2495 in
665 2433 794 2516 prelata
810 2433 914 2496 domo
930 2454 997 2496 non
1015 2434 1227 2498 mediocriter
1242 2436 1304 2498 suit
1319 2446 1490 2512 exortum,

227 2550 261 2604 et
278 2560 337 2623 per
352 2559 436 2621 quos
452 2537 617 2620 prelatum
635 2536 874 2600 monasterium
893 2537 926 2599 in
943 2537 1184 2619 temporalibus
1199 2548 1234 2600 et
1257 2540 1290 2600 in
1308 2540 1486 2622 spirituali-

228 2643 291 2706 bus
309 2641 539 2705 miserabiliter
555 2649 606 2704 est
621 2640 806 2722 collapsum
822 2639 1036 2703 assinuantur
1052 2661 1111 2723 per
1128 2642 1274 2704 Priorem
1299 2642 1440 2707 honeste
1455 2652 1489 2706 et

229 2748 317 2810 bone
346 2745 617 2821 conversationis,
645 2745 797 2827 puritatis
828 2754 863 2807 et
892 2744 1059 2826 opinionis
1092 2745 1161 2821 viri,
1192 2745 1248 2827 qui
1280 2746 1343 2809 sub
1374 2747 1489 2811 habitu

229 2849 371 2934 regulari
387 2848 572 2913 secundum
589 2848 738 2931 regulam
752 2848 846 2911 Beati
866 2847 1038 2911 Benedicti
1055 2847 1179 2911 ibidem
1199 2849 1273 2912 Deo
1291 2849 1490 2928 deserviant,

230 2956 277 3018 ita
307 2953 397 3037 quod
429 2952 513 3016 infra
536 2972 662 3015 annum
689 2951 866 3015 duodecim
895 2952 1050 3015 monachi
1076 2951 1199 3015 ibidem
1227 2954 1421 3017 colocentur
1445 2955 1487 3019 ad

230 3059 350 3135 minuS,
367 3066 476 3140 preter
493 3057 647 3118 Priorem.
697 3056 740 3119 Et
757 3064 793 3117 ut
810 3055 870 3118 hec
886 3054 1054 3118 ordinatio
1077 3058 1302 3139 suprascripta
1325 3068 1487 3140 perpetue

230 3163 396 3228 firmitatis
421 3160 520 3224 robur
543 3160 702 3236 obtineat,
719 3179 780 3222 nos
795 3161 942 3242 presenti
966 3162 1090 3242 scripto
1106 3161 1282 3242 tripartit0,
1299 3162 1332 3224 in
1350 3163 1487 3226 modum

228 3265 390 3350 cyrografi
407 3264 569 3340 coniectu,
585 3262 679 3345 cujus
695 3282 761 3326 una
785 3285 860 3346 pars
884 3284 986 3347 penes
1006 3264 1181 3327 dominum
1207 3265 1486 3344 Lincolniensem‚

229 3371 334 3434 altera
361 3389 463 3452 penes
489 3367 663 3430 dominum
689 3365 887 3448 johannem,
913 3369 1010 3431 tertia
1037 3387 1139 3450 penes
1162 3367 1289 3431 dictum
1319 3367 1489 3433 Abbatem

232 3473 370 3555 Majoris
403 3471 598 3536 Monasterii
625 3470 676 3534 vel
701 3470 810 3534 dictos
839 3470 991 3552 ejusdem
1024 3482 1253 3553 procuratores
1293 3473 1491 3550 remanebit,

230 3579 339 3664 sigilla
380 3589 493 3641 nostra
532 3597 599 3639 una
640 3597 715 3639 cum
754 3576 870 3659 sigillis
914 3577 1137 3659 predictarum
1176 3576 1321 3658 partium
1363 3578 1488 3660 apponi

231 3683 376 3748 lecimus.
419 3683 508 3744 Acta
542 3690 620 3743 sunt
660 3680 721 3742 hec
763 3700 851 3742 anno
892 3681 999 3762 gratie
1041 3680 1218 3743 millesimo
1257 3679 1488 3744 ducentesimo

229 3786 401 3869 trigesimo
424 3784 530 3860 terti0,
553 3784 608 3847 die
632 3783 708 3846 lune
739 3784 894 3866 proxima
917 3793 995 3846 ante
1018 3783 1140 3846 festum
1169 3784 1284 3848 Sancti
1314 3783 1488 3847 Michaelis

229 3889 272 3953 ad
303 3887 469 3970 hospitale
501 3886 765 3950 Bedelordiense.
822 3887 1036 3949 Presentibus
1068 3886 1232 3968 Magistro
1263 3885 1415 3949 Waltero
1447 3887 1490 3950 de

231 3993 294 4056 We
332 4043 338 4056 .
377 4041 384 4054 .
422 4041 428 4054 .
467 4041 483 4066 .,
514 3989 684 4053 Willelmo
714 3989 757 4053 de
785 3989 966 4065 Winebeli,
991 3989 1160 4052 canonicis
1189 3987 1489 4066 Lincolniensibus,

230 4095 382 4160 Galsrido
411 4094 454 4157 de
485 4093 511 4158 C
544 4143 550 4156 .
585 4143 591 4156 .
626 4143 633 4156 .
668 4093 720 4169 ris,
747 4092 921 4175 Stephano
951 4093 995 4155 de
1020 4091 1174 4169 Caste110‚
1202 4091 1328 4154 clericis
1359 4092 1487 4154 domini

232 4197 484 4274 Lincolniensis,
509 4197 593 4272 Elia,
615 4195 790 4278 capellano
817 4195 1055 4258 Archidiaconi
1081 4195 1255 4258 Lincolnie
1258 4244 1489 4272 .........

229 4302 350 4365 clerico
364 4298 526 4381 ejusdem,
541 4310 575 4363 et
590 4299 671 4362 aliis.

230 4487 443 4558 [Appor'ntment
451 4487 484 4554 by
494 4486 540 4538 tire
553 4485 688 4538 Bretlrren
699 4485 734 4553 of
742 4485 932 4537 Marmontier
941 4487 973 4536 r'n
985 4485 1073 4536 Tourr
1083 4485 1119 4552 of
1126 4484 1246 4551 septen
1255 4483 1289 4536 de
1297 4483 1421 4537 Eboraco
1431 4485 1492 4538 and

294 4570 423 4622 Marm'ce
433 4567 467 4621 de
478 4568 611 4622 Mallium
621 4583 654 4620 as
665 4568 739 4620 their
748 4567 876 4620 Proclors
887 4569 919 4618 in
932 4566 1091 4634 Englaud]

319 4687 476 4763 Henric0,
493 4686 556 4749 Dei
580 4687 688 4768 gratia
715 4685 938 4748 illustrissimo
964 4685 1049 4767 Regi
1072 4683 1270 4767 Anglorum,
1292 4683 1378 4747 Duci
1404 4685 1488 4748 Nor-

230 4793 363 4856 mannie
378 4799 412 4854 et
429 4790 622 4871 Aquitanie,
635 4788 758 4853 Comiti
776 4789 932 4863 l’ictavie,
947 4788 1095 4851 Domino
1113 4787 1283 4862 Hibernie,
1297 4787 1488 4871 Archiepis-

228 4897 327 4978 copis,
345 4893 524 4977 Episcopis
553 4901 587 4956 et
611 4892 768 4955 omnibus
795 4891 867 4954 aliis
889 4891 1030 4955 ecclesie
1052 4890 1188 4973 prelatis
1211 4898 1245 4953 et
1268 4892 1429 4954 universis
1445 4892 1487 4954 ad

227 4998 338 5084 [quos]
374 5006 547 5081 presentes
584 4995 678 5059 litere
717 4996 937 5078 pervenerint,
969 4995 1112 5070 Fratres,
1146 4992 1319 5075 capellani,
1351 4994 1489 5076 Majoris
