3609 5642
614 568 792 668 Episcopi
806 567 1091 644 Lincolniensz's.
1423 587 1487 658 107

219 832 332 890 onere,
348 823 409 876 etc.
456 811 522 896 Qui
539 823 645 876 totam
663 813 753 876 illam
770 812 956 896 cappellam
979 811 1115 874 nomine
1129 810 1251 874 vicarie
1270 831 1328 873 sue
1350 809 1487 886 tenebit,

221 915 397 979 reddendo
422 917 499 981 inde
525 917 624 981 dictis
648 918 749 981 Priori
776 927 810 980 et
836 916 1017 979 conventui
1043 935 1144 977 unam
1171 934 1317 977 marcam
1344 913 1486 996 argenti.

224 1021 270 1083 Et
287 1021 474 1101 injunctum
490 1031 542 1085 est
558 1021 635 1086 Ade
651 1022 770 1085 clerico
787 1020 1026 1084 Archidiaconi
1044 1019 1076 1082 N
1079 1019 1322 1101 orhamptonie,
1338 1027 1399 1082 etc.
1483 1110 1487 1120 Ι

292 1262 343 1327 [ΜΙ
356 1263 393 1328 2·]

223 1350 323 1416 [Peter
338 1351 372 1404 de
383 1351 507 1409 Hinton'.
520 1351 600 1410 cleri,
613 1367 648 1403 on
666 1351 710 1403 tte
724 1349 914 1417 presentation
925 1349 960 1416 os
972 1346 1098 1400 Rt'cltard
1110 1347 1144 1400 de
1160 1345 1286 1407 Hintort,
1304 1345 1329 1399 is
1344 1344 1491 1398 instituted

290 1439 317 1486 to
335 1450 354 1485 a
365 1433 481 1502 medrkty
492 1435 527 1502 of
538 1433 584 1486 the
593 1432 675 1486 titius
686 1433 722 1501 os
733 1433 778 1486 tris
789 1431 915 1484 dentesne
925 1431 957 1482 in
974 1428 1144 1498 Woodford]

313 1545 710 1610 WUDEFORD.-Petrus
740 1542 782 1607 de
816 1542 966 1618 Hinton’,
996 1541 1143 1618 clericus
1180 1548 1391 1623 presentatus
1429 1560 1488 1623 per

227 1649 409 1712 Ricardum
447 1649 489 1712 de
530 1648 670 1712 Hinton'
709 1648 848 1710 militem
888 1645 930 1708 ad
959 1644 1174 1708 medietatem
1205 1643 1413 1708 decimarum
1444 1640 1488 1705 de

224 1751 395 1815 dominico
426 1773 487 1815 suo
517 1753 549 1814 in
581 1752 776 1828 Wudeford,
803 1751 891 1815 sacta
919 1750 1009 1832 prius
1036 1749 1250 1830 inquisitione
1279 1768 1338 1830 per
1369 1745 1487 1809 Archi-

222 1855 403 1920 diaconum
442 1857 718 1940 Norhamptonie,
756 1867 826 1932 etc,
864 1855 1030 1918 admissus
1068 1864 1119 1917 est
1148 1863 1183 1916 et
1214 1853 1393 1916 institutus.
1441 1851 1487 1914 Et

226 1960 423 2025 mandatum
441 1971 492 2024 est
507 1961 598 2024 dicto
616 1957 883 2036 Archidiacono,¹
900 1970 963 2022 etc.

224 2262 371 2331 [r't'r'cttotas
388 2281 438 2317 son
461 2265 497 2332 of
508 2266 635 2332 Steptren,
659 2265 797 2332 alapiam,
821 2265 846 2315 is
867 2263 1015 2315 instituted
1030 2267 1058 2315 to
1077 2261 1123 2314 tlte
1140 2261 1291 2329 perpetual
1307 2261 1438 2327 vicarage
1457 2261 1493 2328 os

291 2345 432 2399 Rothwetl
439 2363 475 2398 on
487 2347 532 2400 tlte
543 2347 732 2414 presentation
744 2347 780 2414 os
791 2346 836 2398 the
847 2345 936 2398 Abbot
945 2345 1007 2397 and
1023 2344 1193 2412 conventos
1208 2343 1391 2408 Cinneam]

316 2457 717 2522 ROWELL.—Nicholaus
736 2457 822 2521 filius
844 2457 1017 2539 Stephani,
1033 2455 1259 2538 cappellanus,
1275 2462 1487 2537 presentatus

226 2582 286 2644 per
302 2560 472 2626 Abbatem
489 2573 524 2626 et
538 2572 740 2626 conventum
757 2561 799 2625 de
816 2561 1037 2626 Cirencestria
1053 2559 1095 2622 ad
1117 2568 1313 2642 perpetuam
1329 2558 1485 2622 vicariam

225 2665 364 2728 ecclesie
388 2671 430 2728 de
455 2666 591 2742 Rowell,
615 2665 780 2729 admissus
803 2674 911 2729 estet
934 2664 1076 2727 vicarius
1099 2672 1280 2746 perpetuus
1307 2662 1487 2725 institutus.

228 2767 274 2829 Et
298 2768 493 2831 mandatum
518 2779 569 2832 est
593 2768 840 2832 Archidiacono
864 2767 1142 2850 Norhamptonie,
1157 2777 1218 2830 etc.
1266 2766 1392 2829 Littere
1416 2785 1488 2846 pre-

226 2873 424 2935 sentationis
448 2873 490 2936 ad
512 2874 653 2937 eandem
674 2874 831 2937 vicariam
852 2885 886 2936 et
908 2872 1165 2955 presentationis
1185 2871 1228 2935 ad
1250 2870 1424 2933 ecclesiam
1445 2870 1488 2933 de

226 2976 368 3040 Wutton
387 2979 419 3040 in
437 2977 720 3041 Archidiaconatu
739 2977 926 3041 Bedesorde
941 2987 976 3040 et
992 2975 1248 3058 presentationis
1259 2973 1302 3036 ad
1313 2973 1487 3035 ecclesiam

225 3079 269 3142 de
287 3080 441 3144 Remilde
458 3081 489 3143 in
516 3081 800 3145 Archidiaconatu
824 3081 1020 3144 Leircestrie
1045 3089 1123 3142 sunt
1150 3080 1183 3141 in
1208 3076 1336 3140 scriniis
1360 3075 1488 3139 domini

228 3183 396 3266 Episcopi.

226 3438 342 3505 [llr‘talis
355 3439 442 3504 Brito,
455 3441 533 3504 clerte,
547 3443 571 3493 is
590 3441 736 3494 instituted
744 3446 771 3494 to
790 3441 836 3494 the
853 3440 955 3492 churclt
966 3439 1002 3507 os
1014 3439 1053 3492 st.
1074 3439 1162 3506 Mary
1181 3436 1347 3506 Magdaien,
1361 3437 1490 3489 Blatier-

290 3523 386 3588 wycke,
399 3538 435 3574 on
447 3522 491 3575 tlte
497 3525 685 3590 presentdtron
697 3524 733 3591 os
738 3523 784 3576 tlte
795 3522 880 3575 Prior
888 3523 950 3574 and
961 3521 1086 3574 Conveni
1096 3523 1132 3590 of
1137 3519 1261 3588 [ΛΜ]

316 3631 755 3698 BLATHERWIC’.—Vitalis
773 3635 874 3711 Brito,
887 3632 1033 3708 clericuS,
1045 3640 1256 3714 presentatus
1272 3652 1331 3714 per
1342 3631 1488 3694 Priorem

226 3747 260 3800 et
285 3746 487 3800 conventum
512 3737 555 3800 de
579 3738 695 3802 Landa
726 3738 768 3801 ad
799 3738 973 3802 ecclesiam
1000 3737 1124 3802 Sancte
1152 3736 1258 3798 Marie
1287 3735 1490 3818 Magdalene

226 3840 269 3903 de
315 3840 531 3918 Blatherwic',
573 3840 660 3904 sacta
705 3842 795 3924 prius
837 3842 1051 3923 inquisitione
1096 3860 1155 3922 per
1204 3838 1488 3903 Archidiaconum

228 3944 504 4026 Norhamptonie,
527 3954 598 4022 etc,
621 3944 787 4008 admissus
805 3955 856 4008 est
879 3955 914 4008 et
934 3964 1076 4027 persona
1097 3943 1269 4006 institutus
1289 3963 1365 4005 curn
1389 3963 1490 4005 onere

225 4059 263 4112 ut
310 4047 352 4111 ad
396 4049 592 4111 mandatum
635 4048 762 4112 domini
816 4047 975 4130 Episcopi
1021 4048 1132 4110 veniat
1176 4045 1389 4110 ordinandus.
1444 4045 1490 4109 Et

226 4151 424 4216 mandatum
441 4161 491 4214 est
507 4151 598 4215 dicto
614 4151 870 4228 Archidiacon0,
885 4159 946 4216 etc.

226 4455 406 4522 [Humptrey
413 4453 448 4506 de
459 4453 589 4506 Midliers
601 4455 626 4505 is
636 4453 781 4506 instituted
789 4459 816 4506 to
827 4453 872 4505 tite
882 4450 983 4506 ctmrch
995 4452 1031 4519 os
1044 4452 1194 4504 Overstone
1209 4451 1242 4518 ty
1249 4451 1342 4518 βαβαί
1349 4451 1490 4518 delfinum

290 4539 356 4599 tritu,
386 4551 422 4588 on
451 4536 495 4588 tire
513 4536 701 4603 presentation
724 4535 760 4602 of
787 4534 912 4587 Wlliam
935 4533 969 4586 de
991 4533 1141 4595 Midliers;
1156 4533 1261 4600 saving
1283 4549 1301 4584 a
1318 4534 1437 4600 peruion
1460 4534 1495 4601 of

286 4637 307 4685 5
317 4619 452 4686 strillings
463 4623 489 4669 to
501 4618 546 4670 tlte
557 4618 655 4670 monks
665 4618 701 4686 of
709 4617 853 4686 Grestein]

314 4730 716 4812 OVISTON’.-Magister
735 4729 942 4791 Humsredus
957 4727 1000 4790 de
1021 4727 1181 4802 Midliers,
1197 4735 1407 4809 presentatus
1431 4747 1490 4808 per

226 4836 401 4900 dominum
421 4833 626 4895 Willelmum
643 4831 686 4895 de
712 4831 861 4894 Midliers
884 4830 927 4892 ad
951 4830 1124 4892 ecclesiam
1149 4830 1191 4892 de
1216 4829 1378 4907 Oviston',
1401 4830 1488 4894 sacta

410 5031 418 5060 ²
435 5030 466 5082 ln
479 5031 527 5082 the
539 5031 643 5097 margin
654 5035 709 5083 :-·¹
719 5030 743 5082 N
747 5047 781 5082 on
795 5029 932 5082 habemus
945 5029 1052 5080 litteras
1065 5027 1302 5096 presentationis.”
