3609 5642
599 599 777 696 Episcopi
800 598 1083 673 Lincolniensis.
1404 595 1470 689 '187

216 845 349 918 petuum
373 837 533 901 vicarium
558 838 747 903 instituisse.
803 837 879 921 Que
902 837 1056 901 consistit
1078 837 1111 899 in
1135 837 1298 920 altaragio
1320 836 1471 917 ejusdem

213 940 349 1003 ecclesie
371 950 407 1005 et
422 941 648 1024 cappellarum
669 943 712 1006 ad
734 943 842 1024 ipsam
858 942 1099 1024 pertinentium
1123 950 1157 1004 et
1181 942 1318 1004 minutis
1340 940 1472 1005 dicimis

213 1044 312 1105 totius
329 1044 495 1125 parochie,
511 1055 544 1109 et
562 1046 595 1108 in
611 1055 684 1109 tota
699 1046 831 1110 decima
853 1045 1031 1127 garbarum
1054 1043 1097 1106 de
1113 1042 1409 1107 Wauerkeworthe
1428 1044 1471 1107 ad

213 1146 375 1228 prefatam
394 1148 570 1211 ecclesiam
587 1148 630 1211 de
648 1150 819 1213 Merstone
836 1150 1031 1231 pertinente,
1046 1157 1081 1210 et
1097 1148 1129 1209 in
1152 1167 1217 1209 una
1233 1147 1363 1230 virgata
1386 1156 1471 1211 terre

211 1272 284 1314 curn
307 1271 440 1328 mans0,
456 1273 522 1333 que
539 1252 708 1316 Robertus
723 1251 766 1315 de
783 1252 980 1315 Alcrintone
1002 1251 1118 1327 tenuit,
1134 1260 1168 1313 et
1188 1250 1221 1312 in
1238 1251 1378 1314 decimis
1396 1272 1470 1334 gar-

211 1354 326 1419 barum
358 1355 402 1418 de
429 1355 638 1419 Middeltone
667 1356 710 1419 ad
741 1356 917 1420 ecclesiam
943 1355 985 1418 de
1013 1354 1184 1417 Merstone
1216 1355 1469 1435 pertinentibus,

209 1459 305 1523 salvis
329 1459 450 1541 viginti
473 1457 588 1522 solidis
611 1460 730 1522 annuis
753 1459 797 1523 de
820 1458 939 1521 eadem
961 1458 1083 1520 vicaria
1103 1478 1161 1539 per
1186 1477 1322 1520 manum
1348 1458 1467 1540 prelati

211 1562 369 1626 Willelmi
386 1562 497 1627 vicarii
514 1574 548 1627 et
564 1583 793 1627 successorum
809 1584 955 1639 suorum,
971 1562 1060 1626 dicte
1076 1561 1214 1625 ecclesie
1237 1561 1281 1624 de
1299 1562 1470 1627 Merstone

211 1666 419 1743 vicariorum,
444 1667 580 1750 prelatis
605 1666 731 1730 Abbati
754 1677 788 1730 et
811 1666 991 1730 conventui
1015 1664 1250 1749 persolvendis.
1298 1667 1334 1732 Si
1356 1676 1469 1730 autern

208 1771 381 1853 contingat
397 1770 565 1853 predictos
581 1770 763 1833 monachos
779 1770 868 1853 apud
887 1770 1058 1833 Merstone
1077 1769 1111 1831 in
1128 1770 1271 1852 propriis
1287 1770 1401 1833 usibus
1419 1772 1466 1834 in-

208 1882 436 1938 stauramenta
451 1874 581 1951 habere,
597 1875 659 1957 ipsi
677 1875 831 1937 monachi
849 1894 869 1936 a
885 1874 1093 1956 prestatione
1108 1873 1314 1937 decimarum
1335 1874 1466 1938 illorum

208 1978 546 2042 instauramentorum
563 1989 660 2042 erunt
676 1978 850 2042 immunes.
893 1977 1000 2040 lidem
1017 1998 1095 2040 vero
1108 1977 1305 2055 willelmus,
1316 1979 1468 2055 vicarius,

208 2090 239 2143 et
260 2102 471 2146 successores
494 2083 544 2145 sui
568 2082 681 2145 omnia
703 2102 806 2145 onera
831 2081 918 2143 illius
941 2081 1078 2144 ecclesie
1102 2081 1277 2159 ordinaria,
1294 2082 1409 2146 debita
1432 2092 1466 2146 et

207 2198 375 2262 consueta,
390 2186 622 2262 sustinebunt;
646 2186 746 2249 salvis
763 2186 796 2247 in
812 2185 978 2261 omnibus,
994 2194 1055 2247 etc.
1103 2183 1205 2266 Quod
1223 2196 1259 2248 ut
1280 2186 1366 2267 [etc.,
1382 2187 1466 2250 seal·
1531 2210 1535 2217 ’

208 2289 283 2372 ing],
309 2291 375 2354 hiis
400 2290 549 2367 testibus,
578 2290 744 2371 Magistro
769 2288 940 2351 Willelmo
970 2287 1013 2351 de
1039 2288 1213 2351 Lincolnia
1237 2298 1271 2353 et
1303 2290 1402 2354 Petro
1425 2290 1468 2355 de

209 2392 384 2470 Batbonia,
428 2395 598 2457 canonicis
644 2394 744 2469 Linc',
793 2392 939 2455 Radullo
984 2393 1027 2457 de
1064 2393 1260 2470 Warravill',
1305 2396 1467 2457 canonico

208 2496 379 2573 Wcllensi,
411 2498 575 2581 Magistro
602 2497 771 2561 Willelmo
801 2496 844 2559 de
874 2496 1004 2573 Cantia‚
1032 2496 1202 2561 Willelmo
1232 2498 1275 2561 de
1306 2498 1464 2562 Wincbe-

207 2602 335 2677 cumba,
349 2612 383 2665 et
400 2602 537 2666 Olivero
553 2601 597 2665 de
615 2601 799 2678 Chednet0,
815 2601 950 2664 clericis.
998 2602 1088 2664 Data
1104 2622 1163 2683 per
1179 2622 1315 2665 manum
1333 2602 1466 2666 Thome

207 2702 247 2767 de
276 2704 478 2769 Fiskertone
508 2704 680 2786 capellani,
711 2704 862 2768 canonici
888 2704 1139 2781 Lincolniensis,
1163 2706 1253 2789 apud
1283 2706 1465 2789 Cropperie

207 2808 246 2870 vii
262 2809 337 2872 idus
356 2808 576 2891 Septembris
592 2808 806 2891 pontificatus
822 2809 925 2872 nostri
943 2828 1032 2871 anno
1048 2810 1093 2872 xi.

205 3252 444 3388 [Thegnslitution
455 3254 490 3321 of
503 3252 622 3306 Thomas
633 3252 667 3306 dc
678 3252 826 3306 Fiskmon
835 3258 862 3306 to
873 3254 919 3306 the
930 3254 1029 3307 churcli
1041 3256 1077 3323 os
1084 3256 1123 3309 st.
1136 3256 1224 3320 Peter,
1237 3257 1444 3326 Northamplon
1451 3278 1464 3323 ,·

290 3340 322 3388 cl.
335 3352 378 3395 20,
391 3338 476 3398 mo]

287 3480 477 3545 Eccmsrr
500 3494 635 3544 sancrr
660 3482 775 3542 Pnrnr
801 3480 1147 3545 Nonn’.-Omnibus
1165 3481 1287 3547 Christi
1307 3484 1461 3550 fidelibus

208 3582 303 3667 [etc.],
336 3582 444 3666 Hugo
475 3583 538 3646 Dei
571 3583 680 3665 gratia
711 3583 803 3646 Linc'
836 3584 1026 3667 Episcopus
1060 3586 1202 3649 salutem
1233 3588 1267 3650 in
1304 3588 1459 3653 Domino.

206 3686 340 3752 Noverit
361 3688 560 3751 universitas
581 3698 691 3751 vestra
716 3708 776 3751 nos
802 3688 844 3751 ad
870 3690 1154 3770 presentationem
1180 3691 1302 3755 Prioris
1325 3703 1358 3756 et
1381 3714 1459 3757 con-

204 3802 317 3855 ventus
333 3792 443 3855 sancti
468 3790 605 3853 Andree
629 3789 813 3867 Norhamt'‚
837 3802 1054 3874 patronorum
1077 3794 1217 3857 ecclesie
1239 3798 1344 3859 sancti
1371 3798 1458 3860 Petri

205 3894 234 3956 in
253 3894 509 3970 Norhamtonia,
529 3894 688 3957 dilectum
710 3895 742 3957 in
764 3894 899 3959 Christo
920 3894 1024 3959 filium
1045 3896 1243 3979 Th[0mam]
1263 3899 1306 3963 de
1328 3899 1458 3964 Fisker-

204 4006 266 4075 ton,
287 3998 512 4082 capellanum,
534 3998 576 4061 ad
603 3998 745 4062 eandem
770 3998 944 4062 ecclesiam
969 4020 1044 4063 curn
1069 4001 1225 4063 omnibus
1249 4004 1457 4083 pertinentiis

204 4104 265 4165 suis
280 4103 460 4167 admisisse
476 4104 652 4186 ipsumque
668 4104 701 4165 in
717 4124 758 4165 ea
773 4105 934 4167 canonice
954 4124 1131 4186 personam
1157 4106 1349 4183 instituisse,
1364 4108 1457 4169 salva

203 4205 294 4271 dictis
326 4206 432 4270 Priori
459 4216 494 4269 et
525 4207 702 4270 conventui
734 4206 778 4269 de
804 4206 921 4270 eadem
950 4207 1090 4271 ecclesia
1117 4208 1232 4272 debita
1258 4218 1291 4274 et
1319 4211 1456 4293 antiqua

203 4330 258 4373 sex
284 4329 473 4374 marcarum
498 4311 659 4393 pensione
687 4320 721 4373 et
744 4310 844 4373 salvis
868 4312 901 4373 in
929 4311 1085 4374 omnibus
1107 4312 1354 4396 episcopalibus
1377 4334 1455 4376 con-

203 4414 430 4477 suetudinibus
456 4423 490 4476 et
518 4414 762 4477 Lincolniensis
785 4414 924 4478 ecclesie
947 4414 1118 4497 dignitate.
1177 4416 1223 4480 Et
1251 4426 1287 4480 ut
1315 4416 1376 4479 hec
1403 4416 1451 4479 in-

203 4518 327 4583 stitutio
342 4528 459 4581 nostra
474 4528 635 4601 perpetue
651 4517 816 4582 firmitatis
834 4519 934 4582 robur
953 4520 1115 4603 optineat,
1136 4541 1272 4603 presens
1293 4522 1453 4605 scriptum

203 4623 293 4705 sigilli
326 4622 431 4686 nostri
470 4622 654 4686 munimine
691 4623 852 4686 duximus
890 4624 1125 4688 roborandum.
1192 4626 1266 4687 Hiis
1304 4627 1454 4704 testibus,

205 4726 370 4809 Magistris
410 4724 584 4807 Stephano
621 4725 664 4789 de
695 4726 866 4808 Cycestria
902 4736 937 4790 et
977 4726 1148 4792 Willelmo
1186 4728 1228 4791 de
1270 4728 1453 4809 Lincolnia,

203 4832 365 4893 canonicis
393 4830 692 4907 Lincolniensibus,
713 4831 877 4913 Magistro
903 4830 1068 4894 Nicholao
1090 4831 1133 4895 de
1160 4831 1326 4895 Evesham
1352 4845 1386 4896 et
1413 4834 1451 4898 R.

203 4929 242 4994 de
263 4932 441 5010 Warevill’,
463 4934 632 4997 canonicis
660 4934 892 5012 Wellensibus,
922 4935 1093 5017 Magistris
1117 4936 1168 4998 W.
1196 4936 1239 4999 de
1266 4934 1386 5000 Cantia
1418 4949 1452 5002 et

204 5032 242 5096 A.
259 5036 301 5099 de
320 5036 505 5121 Bugedene
528 5049 563 5101 et
589 5039 724 5123 Rogero
743 5039 786 5102 de
807 5039 913 5116 Wcll’,
936 5040 1106 5103 Willelmo
1129 5040 1171 5103 de
1195 5040 1453 5106 Winchelcumb
