3609 5642
628 582 806 679 Episcopi
828 583 1110 656 Lz'ncolnienst's.
1256 575 1258 578 ’
1456 613 1488 683 .3

235 820 309 884 aliis
339 821 547 886 libertatibus
576 823 818 886 communibus.
866 824 1047 888 Debebunt
1078 836 1189 889 autem
1221 827 1300 890 dicti
1329 827 1490 892 Canonici

235 927 422 1008 hospicium
447 926 683 991 Archidiaconi
706 948 891 1011 procurare,
910 940 944 993 et
966 929 1152 1010 injunctum
1176 941 1227 994 est
1248 931 1391 996 Officiali
1409 933 1488 997 dicti

235 1029 482 1107 Archidiaconi,
498 1041 559 1095 etc.

321 1149 422 1233 [This
435 1161 528 1232 entry
539 1151 600 1214 itas
615 1151 687 1214 been
703 1153 830 1214 crossed
841 1161 905 1227 out,
920 1153 991 1214 and
999 1153 1130 1216 “vacat''
1143 1154 1275 1216 written
1290 1155 1424 1235 against
1438 1155 1488 1240 ie]

234 1344 375 1414 [Wlliam
386 1347 420 1400 de
430 1345 552 1403 Henred.
564 1347 644 1411 cleri,
652 1348 801 1415 presented
809 1347 842 1415 by
854 1348 978 1402 Rickord
988 1348 1105 1402 Henred
1114 1349 1159 1400 tis
1175 1349 1292 1410 brother,
1304 1350 1329 1402 is
1343 1351 1490 1404 instituted

293 1433 401 1498 parson
414 1431 449 1500 os
460 1447 478 1484 a
490 1431 605 1499 medeety
616 1431 652 1499 eff
663 1431 709 1484 tite
719 1431 820 1486 chureii
831 1433 867 1500 os
877 1431 978 1485 Lower
988 1431 1137 1501 Heysord]

323 1545 522 1612 Moomms
534 1548 717 1612 Ecceasre
729 1563 778 1611 oa
794 1549 1248 1613 Hammon-Willelmus
1261 1549 1305 1613 de
1321 1549 1488 1625 Henrede‚

234 1649 380 1727 clericus
418 1661 627 1733 presentatus
666 1673 724 1734 per
756 1652 937 1716 Ricardum
971 1653 1108 1716 Henred
1143 1654 1278 1717 sratrem
1309 1674 1406 1733 suum
1444 1654 1486 1716 ad

235 1752 449 1817 medietatem
471 1755 609 1819 ecclesie
628 1755 672 1818 de
696 1755 877 1838 Heysorde,
896 1777 961 1838 que
986 1757 1047 1820 fuit
1070 1757 1109 1820 G.
1133 1756 1176 1820 de
1194 1757 1376 1839 Croppery,
1400 1756 1489 1820 lacta

236 1858 326 1940 prius
363 1858 577 1940 inquisitione
615 1880 673 1942 per
711 1860 997 1923 Archidiaconum
1037 1860 1150 1925 Oxon'
1188 1882 1247 1943 per
1276 1881 1388 1942 quam,
1418 1871 1489 1936 etc,

235 1961 400 2025 admissus
415 1973 466 2026 est
481 1973 516 2026 et
532 1984 674 2045 persona
690 1965 869 2028 institutus.
918 1966 962 2028 Et
979 1966 1175 2029 mandatum
1195 1976 1246 2028 est
1262 1966 1352 2028 dicto
1370 1963 1488 2028 Archi-

234 2066 377 2129 diacono
406 2067 496 2148 quod
529 2069 647 2149 ipsum,
677 2078 748 2145 etc,
778 2079 811 2131 et
839 2069 992 2150 injungat
1022 2069 1130 2132 eidem
1163 2078 1199 2132 ut
1234 2068 1276 2131 ad
1316 2069 1488 2150 proximos

234 2169 367 2234 ordines
387 2169 477 2253 apud
498 2171 655 2234 Graham'
676 2173 796 2249 veniat,
812 2174 846 2234 in
866 2172 1112 2235 subdiaconum·
1128 2172 1341 2235 ordinandus,
1390 2173 1487 2235 Insti-

235 2283 327 2337 tutus
338 2273 438 2338 debet
454 2275 550 2337 nobis
566 2276 726 2338 exhibere
742 2275 867 2339 litteras
883 2274 1176 2359 present[ationis].

322 2375 390 2460 [On
406 2377 458 2440 tlte
473 2379 565 2441 dorse
575 2377 644 2461 .·-]
667 2378 862 2443 Custodiam
884 2380 1073 2443 medietatis
1096 2381 1233 2442 ecclesie
1248 2379 1291 2443 de
1314 2379 1488 2461 Heysorde

235 2483 268 2545 in
286 2482 570 2546 Archidiaconatu
589 2482 701 2547 Oxon'
717 2482 772 2546 die
792 2483 961 2546 dominica
979 2484 1136 2566 proxima
1156 2491 1234 2545 ante
1256 2483 1377 2545 sestum
1399 2480 1488 2546 beati

235 2586 388 2648 Bamabe
418 2587 597 2649 commissa
627 2597 678 2651 est
709 2587 879 2651 Willelmo
905 2588 948 2651 de
981 2587 1128 2663 Henred‚
1154 2586 1282 2661 cleric0‚
1313 2584 1356 2648 ad
1386 2606 1487 2667 quam

234 2699 444 2772 presentatus
471 2701 530 2766 est,
553 2700 587 2754 et
611 2692 806 2754 mandatum
834 2702 885 2755 est
910 2691 1158 2754 Archidiacono
1189 2689 1311 2765 Oxon’,
1333 2688 1424 2770 quod
1455 2689 1488 2751 in

233 2793 381 2876 capitulo
402 2793 477 2875 locy
493 2794 670 2876 diligenter
692 2795 844 2877 inquirat,
860 2816 879 2857 a
895 2815 962 2877 quo
983 2805 1134 2877 tempore
1155 2805 1189 2857 et
1211 2812 1383 2875 perquem
1399 2791 1490 2856 dicta

233 2897 374 2960 ecclesia
392 2898 516 2981 ceperit
539 2899 729 2961 sectionem.
777 2899 897 2961 Postea
922 2897 1010 2961 idem
1035 2898 1223 2960 Willelmus
1247 2906 1297 2959 est
1320 2896 1486 2959 admissus

233 3011 269 3065 et
285 3003 463 3065 institutus.

327 3174 469 3258 [Retnrn
486 3185 517 3239 to
532 3175 668 3256 theface
683 3178 722 3256 of
730 3175 782 3239 tte
797 3176 862 3239 roll
871 3175 940 3258 :—]

232 3309 398 3379 [Dionisr'us.
413 3309 492 3373 clerte.
504 3309 652 3378 presented
668 3308 701 3378 ty
718 3309 764 3362 the
778 3309 885 3377 Bisiop
900 3310 936 3376 os
952 3308 1127 3368 tisineitesten
1140 3310 1165 3360 is
1178 3308 1326 3361 instituted
1337 3311 1445 3375 parson
1461 3308 1497 3376 os

304 3391 419 3460 Witney,
430 3408 467 3445 on
479 3391 523 3444 the
534 3392 706 3460 resignation
722 3392 758 3461 of
763 3391 909 3460 Hermsrey
919 3392 953 3444 de
965 3390 1131 3456 Midlieres,]

322 3518 816 3594 WITTHENEIA.—Dionisius‚
835 3519 982 3595 clericus,
1003 3527 1213 3600 presentatus
1238 3538 1296 3600 per
1315 3516 1490 3581 dominum

233 3623 503 3687 Wintoniensem
522 3621 565 3686 ad
586 3623 761 3686 ecclesiam
783 3622 825 3686 de
847 3622 1038 3698 Witteneia,
1060 3622 1146 3685 facta
1169 3622 1258 3704 prius
1277 3621 1491 3702 inquisitione
1582 3679 1588 3690 .

232 3728 369 3811 per,R.,
396 3726 551 3791 clericum
579 3726 815 3789 Archidiaconi
848 3725 970 3802 Oxon',
1001 3747 1059 3808 per
1089 3746 1200 3807 quam,
1227 3735 1298 3801 etc,
1327 3723 1491 3807 Magistro

236 3831 419 3895 Humlrido
449 3829 491 3894 de
521 3829 701 3906 Midlieres,
724 3831 782 3911 qui
812 3829 963 3910 ejusdem
994 3831 1132 3892 ecclesie
1154 3829 1340 3892 custodiam
1365 3827 1491 3906 habuit,

233 3937 425 4018 resignante
452 3955 510 4018 per
537 3935 663 3998 litteras
688 3954 764 3997 suas
789 3944 943 4017 patentes
970 3944 1077 3997 totum
1108 3932 1161 4013 jus
1188 3931 1279 4014 quod
1309 3933 1425 3996 habuit
1456 3935 1489 3996 in

232 4039 362 4116 eadem,
378 4038 543 4102 admissus
558 4048 658 4103 estet
675 4059 816 4121 persona
833 4039 1004 4101 institutus
1015 4039 1047 4100 in
1060 4038 1186 4100 eadem.
1234 4037 1279 4099 Et
1292 4037 1488 4101 mandatum

233 4153 286 4208 est
303 4143 551 4208 Archidiacono
568 4142 680 4207 Oxon’
697 4142 794 4225 [etc.].

233 4337 354 4408 [Henry,
372 4339 510 4407 chdplain
522 4338 672 4407 presented
685 4338 718 4407 by
734 4339 780 4390 tire
796 4339 883 4391 Prior
896 4338 933 4406 os
949 4337 1148 4406 Wallingsord
1166 4337 1354 4390 attentaret
1367 4339 1448 4391 vicar
1460 4339 1496 4406 of

299 4421 388 4474 Aston
416 4421 543 4484 Rowant.
573 4421 643 4473 wr'ttt
671 4421 715 4474 tite
743 4420 872 4489 cleopeIry
899 4420 935 4489 os
957 4419 1171 4473 Stoieenchurclt.
1219 4419 1276 4472 Tite
1302 4420 1433 4489 vicorage
1464 4421 1491 4472 is

299 4503 454 4574 desoe'bed.]

323 4623 467 4688 OXON':
492 4625 646 4689 ESTONE
676 4624 1072 4699 VICARIA.-Henricus,
1102 4621 1326 4704 cappellanus
1356 4640 1488 4703 presen-

234 4737 325 4792 tatus
348 4748 406 4810 per
431 4729 577 4791 Priorem
600 4739 634 4792 et
657 4738 859 4792 conventum
883 4727 926 4790 de
950 4723 1200 4808 Walingesorde
1222 4723 1265 4788 ad
1293 4734 1487 4807 perpetuam

235 4831 392 4894 vicariam
415 4831 553 4895 ecclesie
576 4830 619 4895 de
642 4831 780 4909 Estone,
800 4831 988 4894 ordinatam
1012 4830 1210 4893 auctoritate
1236 4827 1385 4905 concilii,
1401 4827 1489 4891 sacta

236 4935 326 5018 prius
351 4935 563 5017 inquisitione
587 4955 645 5017 per
670 4934 869 5016 Magistrum
894 4933 1101 4997 Willelmum
1122 4932 1165 4997 de
1187 4932 1289 5008 Linc',
1309 4950 1487 5013 perquam

237 5039 407 5121 negotium
425 5038 487 5103 luit
509 5039 543 5102 in
562 5036 733 5121 expedito,
749 5038 916 5102 admissus
937 5047 987 5101 est
1005 5047 1039 5101 et
1061 5037 1093 5099 in
1114 5057 1155 5101 ea
1174 5037 1333 5099 canonice
1348 5035 1489 5101 vicarius

1344 5136 1365 5184 B
1382 5139 1400 5184 2
