3609 5642
651 540 837 652 'Episcopi
852 538 1134 612 Lincolniensis.
1484 565 1495 612 r
1511 565 1520 611 r

272 802 331 864 per
356 782 501 845 Priorem
532 791 566 846 et
597 790 798 846 conventum
829 780 872 844 de
903 790 1020 844 sancta
1046 779 1249 843 Frideswida
1272 779 1316 844 de
1343 780 1457 845 Oxon'
1484 781 1526 845 ad

271 895 465 968 perpetuam
480 885 635 948 vicariam
648 885 787 948 ecclesie
797 884 902 947 sancti
918 884 1092 947 Michaelis
1102 883 1145 946 ad
1156 894 1287 966 portam
1299 884 1526 966 aquilonarem

272 991 305 1052 in
323 990 444 1066 Oxon',
466 989 552 1052 lacta
575 990 664 1071 prius
685 989 899 1070 inquisitione
927 1009 986 1071 per
1012 988 1063 1064 Α.,
1092 988 1376 1052 Archidiaconum
1404 989 1528 1067 Oxon',

271 1114 330 1176 per
353 1113 463 1175 quam,
479 1103 549 1169 etc,
572 1091 738 1156 admissus
761 1103 812 1156 est
833 1102 868 1156 et
890 1094 921 1155 in
943 1113 984 1155 ea
1007 1092 1166 1155 canonice
1186 1091 1327 1155 vicarius
1349 1103 1528 1176 perpetuus

272 1199 452 1274 institutus,
468 1197 560 1261 salva
575 1197 673 1260 dictis
691 1195 869 1261 Canonicis
885 1195 927 1258 de
943 1196 1061 1260 eadem
1077 1196 1217 1259 ecclesia
1233 1195 1324 1258 dicta
1339 1206 1374 1259 et
1389 1197 1529 1279 antiqua

272 1303 440 1386 pensione,
463 1322 540 1365 cum
564 1321 664 1364 onere
686 1311 721 1365 et
745 1321 831 1383 pena
854 1301 1061 1363 vicariorum.
1121 1300 1313 1380 lnjunctum
1344 1310 1396 1364 est
1425 1303 1527 1366 etiam

270 1407 301 1470 ei
324 1405 414 1488 quod
439 1405 564 1468 nullam
589 1406 783 1487 pensionem
808 1404 934 1467 eisdem
956 1403 1134 1468 Canonicis
1154 1405 1321 1483 persolvat
1343 1403 1387 1468 de
1408 1403 1527 1468 eadem

270 1510 410 1574 ecclesia
447 1508 554 1571 donec
593 1509 779 1572 constiterit
816 1507 955 1570 domino
995 1507 1165 1590 Episcopo
1199 1508 1395 1589 pensionem
1426 1528 1527 1590 quam

271 1614 414 1696 exigunt
436 1633 509 1676 esse
532 1612 680 1676 debitam
704 1622 739 1675 et
761 1613 943 1694 antiquam.
992 1610 1183 1692 lnjunctum
1207 1620 1259 1674 est
1288 1611 1389 1675 etiam
1417 1611 1527 1676 eidem

271 1717 362 1800 quod
390 1715 432 1779 ad
454 1716 587 1779 ordines
613 1737 698 1798 quos
721 1716 877 1779 dominus
902 1716 1090 1798 Episcopus
1114 1714 1422 1799 Sarr[esbiriensis]¹
1444 1717 1528 1781 cele-

272 1819 381 1884 brabit
398 1821 430 1882 in
445 1819 573 1901 jejunio
585 1829 728 1902 quatuor
741 1831 930 1901 temporum
948 1820 1106 1901 proximo
1121 1829 1198 1903 post
1210 1819 1345 1897 cineres,
1358 1819 1529 1885 ordinetur

272 1924 305 1986 in
331 1924 582 1998 subdiaconum,
605 1935 639 1988 et
662 1934 780 2007 postea
800 1923 842 1986 ad
869 1922 1064 1986 mandatum
1087 1922 1216 1985 domini
1239 1923 1398 2007 Episcopi
1422 1926 1529 2008 primo

272 2027 305 2091 in
321 2027 499 2091 diaconum
519 2038 553 2091 et
576 2037 693 2110 postea
717 2029 749 2090 in
774 2027 992 2109 presbiterum
1017 2025 1196 2103 ordinetur,
1220 2036 1257 2089 ut
1269 2027 1389 2090 vicarie
1412 2048 1471 2092 sue
1495 2029 1528 2092 in

272 2131 406 2213 propria
436 2150 578 2212 persona
607 2130 772 2194 deservire
796 2131 901 2212 possit
924 2130 957 2192 in
981 2129 1091 2192 officio
1114 2129 1320 2193 sacerdotali.
1368 2131 1413 2194 Et
1437 2152 1531 2195 man-

272 2233 389 2298 datum
405 2245 457 2298 est
474 2234 525 2311 Α.,
541 2233 798 2310 Archidiacon0,
814 2244 875 2298 etc.

364 2354 419 2437 [ln
441 2354 494 2418 tlre
514 2355 644 2438 margin
659 2353 1003 2438 .·—-]Archidiac0nus
1029 2353 1263 2437 Huntingdon’
1279 2354 1381 2418 habet
1403 2355 1529 2420 litteras

272 2459 503 2540 inquisitionis

268 2641 410 2710 [Intende
429 2643 545 2704 Oxoneie.
564 2643 643 2705 ckrk,
657 2642 809 2710 presented
825 2641 920 2710 hythe
938 2643 1027 2697 Prior
1039 2644 1076 2711 of
1087 2643 1127 2696 St.
1146 2642 1327 2705 Fnideswrite,
1345 2643 1371 2696 ts
1386 2645 1533 2698 instituted

330 2727 436 2792 parson
448 2726 483 2793 os
489 2725 530 2779 St.
543 2724 695 2787 Michael’s,
708 2728 740 2776 at
749 2723 912 2792 Southgate.
926 2724 1054 2792 Offord;
1070 2725 1116 2778 ttre
1128 2724 1235 2794 Be'sleop
1248 2724 1313 2777 will
1327 2742 1458 2779 summan
1469 2727 1528 2779 ln'm

335 2811 362 2858 to
372 2806 403 2859 be
413 2807 567 2869 ordeined,·
584 2806 629 2860 the
640 2807 743 2874 Pn'oey
754 2805 851 2859 clatnes
861 2822 879 2857 a
886 2807 1027 2876 pension]

360 2917 544 2982 Ecctusm
561 2919 703 2984 sinen
729 2918 945 2982 Mrcrrnaurs
967 2932 1019 2980 nn
1044 2919 1202 2982 Porsen
1227 2916 1463 2981 Austnntan
1487 2933 1526 2982 ns

272 3020 619 3104 OxON'.—Johannes
653 3021 695 3086 de
728 3021 850 3097 Oxon',
875 3023 1022 3098 clericus,
1056 3032 1268 3105 presentatus
1295 3043 1354 3104 per
1382 3023 1528 3087 Priorem

271 3137 305 3188 et
331 3136 533 3189 conventum
564 3126 607 3190 de
637 3137 753 3190 sancta
782 3125 986 3190 Frideswida
1014 3126 1127 3192 Oxon’
1151 3126 1194 3190 ad
1221 3126 1395 3189 ecclesiam
1422 3127 1529 3191 sancti

274 3230 447 3294 Michaelis
470 3231 513 3294 ad
538 3242 669 3314 portam
697 3232 876 3294 australem
899 3232 932 3294 in
954 3231 1067 3296 Oxon'
1088 3231 1177 3295 facta
1196 3231 1287 3314 prius
1307 3231 1530 3313 inquisitione,

270 3343 341 3409 etc,
357 3333 522 3398 admissus
538 3345 598 3410 est,
614 3344 648 3398 et
665 3335 697 3398 in
713 3355 753 3398 ea
768 3335 929 3398 canonice
946 3354 1089 3417 persona
1110 3335 1291 3410 institutus,
1307 3334 1401 3397 salva
1423 3336 1471 3398 eis
1487 3334 1530 3398 de

270 3437 388 3500 eadern
405 3439 545 3501 ecclesia
561 3437 676 3502 debita
691 3448 725 3502 et
744 3439 883 3520 antiqua
903 3439 1074 3520 pensione,
1090 3439 1137 3500 ita
1152 3437 1243 3519 quod
1264 3436 1306 3500 ad
1332 3438 1527 3502 mandatum

270 3539 398 3603 domini
416 3541 576 3624 Episcopi
594 3542 704 3605 veniat
721 3541 936 3604 ordinandus.
969 3541 1178 3622 ,lnjunctum
1196 3549 1247 3604 est
1258 3541 1360 3604 etiam
1373 3541 1529 3622 Johanni,

270 3644 361 3725 quod
401 3646 525 3708 nullam
566 3647 761 3728 pensionem
800 3645 898 3708 dictis
930 3645 1109 3710 Canonicis
1139 3645 1308 3727 persolvat
1337 3644 1380 3708 de
1409 3645 1526 3708 eadem

270 3748 418 3825 ecclesia,
450 3749 557 3812 donec
588 3750 773 3813 constiterit
810 3749 950 3812 domino
986 3749 1156 3833 Episcopo
1194 3749 1389 3830 pensionem
1426 3769 1528 3831 quam

271 3851 413 3934 exigunt
443 3853 694 3916 esse'debitam
725 3862 760 3916 et
795 3854 978 3937 antiquam.
1025 3853 1071 3916 Et
1101 3852 1297 3916 mandatum
1328 3863 1379 3916 est
1410 3852 1528 3916 Archi-

271 3954 422 4033 diac0n0,
438 3967 499 4020 etc.

271 4155 414 4224 [Willr'am
431 4157 457 4209 le
474 4157 593 4219 lt'enteae's,
611 4157 692 4218 clerk,
704 4156 854 4225 presented
866 4157 900 4225 by
918 4156 964 4209 tlte
981 4155 1069 4210 Abbot
1083 4157 1118 4224 os
1129 4156 1326 4214 Winctecombe,
1341 4157 1367 4208 is
1383 4155 1530 4208 instituted

330 4241 438 4306 parson
449 4240 485 4307 of
492 4239 623 4302 Enstone,
641 4239 748 4292 Walter
755 4238 789 4291 de
802 4239 962 4308 Bannebr'ey
972 4240 1121 4309 resigne'ng
1132 4238 1177 4292 ln's
1188 4238 1270 4291 claim
1283 4237 1407 4306 therete]

360 4357 805 4422 ENNESTANE.—Vacante
821 4358 961 4421 ecclesia
981 4357 1024 4421 de
1046 4357 1240 4421 Ennestane
1259 4365 1293 4419 et
1314 4354 1465 4418 Waltero
1485 4353 1528 4418 de

272 4461 473 4542 Bannebiry,
489 4461 544 4542 qui
569 4482 605 4524 se
627 4461 761 4525 dicebat
783 4482 856 4525 esse
880 4481 1056 4544 personam
1080 4459 1231 4542 ejusdem
1254 4459 1402 4535 ecclesie,
1418 4466 1526 4521 totum

269 4563 324 4644 jus
342 4563 433 4644 quod
457 4565 603 4628 habebat
624 4566 656 4628 in
677 4566 795 4629 eadem
816 4567 956 4629 ecclesia
976 4576 1105 4648 sponte,
1121 4563 1314 4646 simpliciter
1333 4572 1368 4626 et
1391 4583 1473 4645 pure
1493 4563 1526 4624 in

272 4686 390 4729 manus
409 4667 650 4732 Lincolniensis
673 4670 832 4754 Episcopi
857 4669 1013 4752 Hugonis
1032 4668 1169 4732 secundi
1190 4678 1307 4750 postea
1327 4667 1525 4747 resignante,

274 4770 390 4833 Abbas
420 4782 454 4835 et
487 4783 670 4836 conventus
701 4773 743 4837 de
781 4773 1045 4847 Winchecumbe
1077 4772 1282 4834 Willelmum
1315 4771 1345 4832 le
1377 4768 1527 4844 Kenteis,

608 5011 615 5042 ¹
627 5011 698 5089 l’his
711 5012 787 5064 word
800 5013 822 5065 is
836 5012 960 5065 inserted
971 5013 1060 5064 above
1073 5011 1120 5062 the
1132 5011 1197 5062 line.
