3609 5642
606 568 785 664 Episcopi
806 567 1093 643 Lz'ncolnz'enszs.
1427 593 1473 664 97

210 801 339 870 [Geruli.
352 801 492 869 chuplaim
503 819 538 854 on
551 802 596 856 the
602 805 791 870 presenmtion
803 805 838 872 of
850 804 895 856 the
912 805 997 857 Prior
1011 805 1071 857 and
1088 804 1216 858 Conveni
1229 807 1265 872 os
1276 806 1316 859 st.
1328 807 1474 862 Banholo

279 899 360 942 metu.
372 883 497 946 London,
509 886 535 937 is
544 885 691 938 instituted
700 889 727 938 to
738 885 784 938 the
794 887 926 954 vicorage
942 887 978 954 os
988 887 1152 939 Mentmore.
1192 886 1249 938 The
1265 888 1397 954 vicarage
1412 905 1474 942 con·

277 968 342 1019 siste
353 968 389 1035 of
393 966 437 1018 all
446 966 492 1018 tlte
502 967 630 1035 altaruge
640 967 701 1020 and
709 968 754 1020 tlte
765 967 846 1020 tt'thes
857 968 892 1036 os
899 968 993 1037 halja
1006 968 1071 1021 hile
1081 970 1117 1037 of
1129 969 1201 1022 land
1207 975 1239 1021 at
1248 969 1346 1022 Broke.
1381 971 1425 1038 By
1435 987 1474 1022 an

278 1049 367 1102 essese
377 1047 466 1116 before
476 1047 522 1102 tie
534 1049 636 1117 King²s
645 1049 772 1115 Justz'ces.
784 1049 830 1102 the
840 1050 928 1102 Prior
935 1050 996 1102 and
1007 1050 1133 1103 Conveni
1142 1051 1196 1102 lost
1202 1050 1247 1103 the
1258 1067 1353 1104 manse
1364 1051 1474 1120 belong·

279 1131 333 1198 ing
352 1135 379 1183 to
395 1129 441 1182 the
456 1131 594 1198 vt'carage.
633 1130 690 1183 The
706 1133 837 1200 vt'carage
853 1131 1010 1200 ordinari&
1021 1133 1046 1184 is
1062 1132 1151 1185 worth
1163 1151 1180 1198 4
1191 1133 1286 1185 niorlcs
1296 1133 1404 1201 yearly,
1415 1133 1477 1185 and

280 1211 326 1265 the
336 1212 493 1280 vz'carpoys
502 1211 633 1280 synodals
644 1211 729 1280 only.]

303 1356 781 1434 MENTEMORE.—Geroldus‚
797 1357 997 1439 capellanus,
1014 1367 1223 1439 presentatus
1242 1378 1301 1439 per
1326 1358 1471 1421 Priorem

211 1471 247 1524 et
263 1471 465 1526 conventum
484 1461 599 1526 Sancti
617 1460 843 1524 Bartholomei
863 1461 1085 1524 Londinensis
1101 1460 1143 1523 ad
1160 1463 1317 1524 vicariam
1333 1462 1471 1525 ecclesie

212 1564 256 1629 de
289 1565 507 1642 Mentemore,
530 1565 618 1628 facta
649 1566 738 1648 prius
769 1565 983 1646 inquisitione
1013 1586 1072 1647 per
1103 1566 1158 1642 M„
1187 1564 1470 1630 Archidiaconum

212 1667 566 1751 Bukinghamiensem,
583 1689 641 1751 per
663 1688 774 1749 quam,
797 1679 867 1745 etc,
890 1667 934 1730 ad
957 1669 1100 1733 eandem
1123 1668 1289 1731 admissus
1312 1679 1372 1745 est,
1394 1690 1471 1733 cum

212 1790 315 1834 onere
344 1781 378 1834 et
405 1791 492 1853 pena
516 1771 722 1835 vicariorum.
772 1770 935 1835 Consistit
961 1780 1074 1834 autem
1100 1771 1173 1854 ipsa
1195 1772 1319 1835 vicaria
1341 1773 1374 1835 in
1398 1782 1471 1836 toto

212 1873 376 1958 altaragio
403 1885 438 1938 et
464 1875 497 1937 in
522 1875 661 1938 decimis
684 1876 780 1938 unius
804 1875 934 1940 dimidii
965 1875 1079 1938 hidate
1106 1886 1191 1939 terre
1218 1875 1307 1958 apud
1338 1876 1471 1953 Broke;

214 1978 309 2042 Prior
331 1999 409 2042 vero
431 1989 465 2043 et
488 1988 672 2043 conventus
695 1979 878 2042 amiserunt
902 2000 960 2062 per
983 1979 1122 2042 assisam
1146 1999 1259 2042 coram
1281 1980 1470 2061 justiciariis

212 2081 342 2146 domini
370 2084 473 2165 Regis
498 2103 651 2146 mansum
676 2084 719 2148 ad
752 2083 877 2147 dictam
903 2069 1060 2147 vicariam
1091 2083 1322 2165 pertinentem.
1368 2083 1470 2147 Valet

212 2197 326 2250 autem
342 2187 433 2252 dicta
448 2189 570 2251 vicaria
585 2187 819 2250 communibus
843 2188 939 2250 annis
962 2236 1090 2250 .....
1114 2196 1258 2268 quatuor
1282 2207 1419 2263 marcas,
1435 2198 1469 2249 et

211 2289 312 2354 solvit
328 2291 468 2354 vicarius
484 2291 648 2355 sinodalia
671 2300 810 2355 tantum.
858 2291 903 2354 Et
928 2290 1123 2354 mandatum
1147 2300 1200 2353 est
1222 2290 1331 2354 eidem
1351 2290 1470 2353 Archi-

211 2393 356 2456 diacono
371 2404 417 2472 ut,
433 2403 493 2458 etc.

211 2613 354 2681 [Willzizm
365 2613 398 2666 de
409 2613 562 2674 Lsiccolm'a,
573 2613 743 2672 suideacon,
755 2628 791 2666 on
803 2612 848 2664 tlte
859 2613 1050 2679 presentatzon
1061 2611 1097 2678 os
1108 2611 1154 2664 tiu
1170 2611 1258 2664 Prior
1271 2612 1332 2665 attd
1348 2613 1474 2666 Convent

277 2697 313 2764 os
318 2694 477 2764 Longville,
489 2696 515 2748 is
525 2695 672 2748 instituted
681 2700 708 2748 to
719 2694 764 2748 tlte
775 2693 876 2748 churclz
888 2694 924 2762 os
932 2693 1054 2762 Oakley]

300 2839 648 2904 ACLE.-Willelmus
664 2839 707 2902 de
728 2838 911 2914 Lincolnia‚
927 2837 1159 2913 subdiaconus
1176 2848 1384 2920 presentatus
1412 2859 1471 2921 per

213 2943 360 3006 Priorem
376 2953 411 3006 et
426 2953 628 3006 conventum
645 2942 687 3006 de
712 2943 831 3024 Longa
846 2940 924 3004 villa
946 2942 990 3005 ad
1014 2941 1188 3004 ecclesiam
1212 2941 1255 3004 de
1272 2940 1366 3019 Acie,
1382 2942 1471 3006 facta

210 3048 303 3130 prius
326 3048 540 3129 inquisitione
563 3067 622 3129 per
646 3047 701 3124 Μ.,
726 3046 1011 3110 Archidiaconum
1037 3045 1388 3127 Bukinghamiensem,
1411 3066 1471 3128 per

210 3171 324 3233 quam,
339 3161 409 3228 etc,
426 3151 468 3215 ad
492 3151 633 3214 eandem
658 3151 822 3214 admissus
846 3160 907 3227 est,
921 3159 993 3226 ete,
1007 3157 1041 3212 et
1065 3148 1261 3212 mandatum
1285 3159 1336 3212 est
1358 3150 1468 3214 eidem

213 3254 462 3319 Archidiacono
477 3263 523 3332 ut,
539 3265 599 3318 etc.

210 3476 350 3545 [Peterde
360 3475 501 3538 Draitone,
515 3475 652 3543 chaplain,
665 3491 701 3527 on
719 3475 764 3528 tlte
779 3476 967 3542 presenmutm
984 3474 1020 3541 of
1030 3472 1156 3526 Wlltizm
1173 3473 1207 3525 de
1222 3473 1303 3527 Bello
1322 3473 1432 3540 Campe,
1445 3475 1470 3528 is

276 3557 422 3611 instincted
429 3563 457 3610 to
467 3558 513 3611 tlte
523 3557 624 3612 churclc
635 3559 671 3626 os
678 3558 804 3626 Drayton
815 3556 1014 3626 Beauchump]

300 3697 677 3760 DRAITONE.-Petrus
700 3695 743 3759 de
768 3695 939 3771 Draitone,
959 3693 1160 3777 capellanus,
1176 3702 1387 3776 presentatus
1411 3714 1470 3775 per

210 3801 418 3865 Willelmum
442 3801 485 3864 de
502 3799 595 3864 Bello
617 3820 738 3883 campo
761 3799 804 3862 ad
826 3799 1002 3862 ecclesiam
1020 3799 1064 3862 de
1088 3798 1259 3874 Draitone,
1275 3798 1363 3861 sacta
1378 3797 1469 3880 prius

211 3905 425 3988 inquisitione
441 3925 500 3987 per
524 3904 579 3982 M„
599 3904 883 3969 Archidiaconum
910 3902 1260 3984 Bukinghamiensem,
1276 3922 1335 3984 per
1356 3921 1469 3982 quam,

210 4019 280 4087 etc,
301 4009 344 4073 ad
371 4008 513 4074 eandem
541 4007 715 4086 admissus,
733 4017 794 4072 etc.
842 4007 887 4071 Et
915 4007 1110 4070 mandatum
1137 4014 1189 4069 est
1218 4004 1327 4069 eidem
1350 4005 1468 4068 Archi-

210 4114 353 4178 diacono
370 4123 415 4190 ut,
430 4123 490 4177 etc
