3609 5642
609 573 789 674 Episcopi
810 575 1094 650 Lincolnrenszs.
1427 597 1471 670 75

214 837 293 880 cum
317 836 435 880 manso
458 817 672 900 competenti,
688 826 723 880 et
746 817 779 880 in
796 817 893 880 tertia
916 817 1020 900 garba
1042 816 1248 880 decimarum
1269 817 1372 880 totius
1388 815 1474 892 ville,

216 931 328 1004 preter
354 941 455 1003 quarn
481 920 524 984 de
548 919 718 984 dominico
745 921 778 983 P.
811 921 934 997 Barre;
957 931 992 984 et
1019 921 1123 984 valuit
1153 922 1276 984 vicaria
1307 921 1341 983 in
1367 921 1474 1003 prima

215 1024 392 1088 taxatione
414 1025 563 1106 quinque
587 1044 724 1100 marcas,
747 1034 797 1087 set
822 1024 924 1087 modo
946 1023 1148 1087 deteriorata
1170 1035 1221 1087 est
1245 1044 1303 1107 per
1326 1023 1474 1087 subtrac-

215 1129 343 1193 tionem
367 1127 577 1210 quarundam
603 1129 806 1192 minutarum
830 1128 1047 1204 decimarum,
1063 1138 1100 1191 ut
1123 1127 1264 1191 habetur
1281 1129 1313 1191 in
1338 1127 1474 1209 inquisi-

215 1233 317 1307 tione,
333 1251 394 1294 nec
410 1232 512 1294 scitur
528 1252 586 1314 per
602 1251 701 1313 quem
719 1230 818 1294 fuerit
833 1231 995 1294 ordinata
1043 1231 1088 1294 Et
1105 1230 1301 1294 mandatum
1318 1240 1369 1294 est
1384 1231 1476 1294 dicto

216 1335 362 1400 Officiali
379 1345 425 1412 ut,
439 1346 510 1411 etc,
526 1334 624 1398 simul
641 1355 717 1397 curn
734 1333 873 1397 decimis
888 1334 1068 1397 subtractis
1085 1343 1121 1397 ut
1137 1333 1264 1397 dicitur.

216 1592 361 1659 [Wr'llrizm
373 1591 407 1644 de
425 1592 520 1654 Cuille
532 1591 700 1655 neb-deamo,
708 1591 857 1659 presented
870 1591 902 1660 by
919 1590 1039 1644 Thomas
1055 1590 1187 1652 Manscll,
1200 1591 1225 1644 r's
1240 1590 1387 1645 institraed
1396 1597 1423 1644 to
1433 1590 1479 1644 the

281 1672 381 1728 clarck
398 1674 434 1741 os
448 1673 589 1742 serenum
606 1674 651 1725 the
668 1674 799 1740 vr'rarage
817 1673 852 1740 os
867 1672 961 1740 Ralplr
986 1672 1130 1725 Yar‘llebois
1147 1673 1172 1724 is
1187 1672 1322 1738 reses-ved,
1333 1672 1436 1741 subject
1450 1677 1478 1726 to

281 1770 300 1807 a
305 1756 425 1821 pensiore
436 1755 472 1823 of
478 1757 496 1806 ό
507 1753 604 1806 marks
615 1759 642 1806 to
653 1753 699 1807 tlte
708 1754 812 1821 recten]

306 1887 731 1955 SCHENLE.-Willelmus
748 1887 790 1951 de
807 1887 923 1964 Cuille,
939 1887 1174 1964 subdiaconus,
1191 1898 1402 1970 presentatus
1419 1910 1478 1971 per

217 1993 385 2056 Thomam
401 1992 565 2056 Manselle
581 1991 623 2054 ad
640 1991 815 2054 ecclesiam
832 1993 874 2055 de
888 1991 1040 2067 Schenle,
1053 1992 1142 2053 sacta
1158 1992 1249 2074 prius
1262 1992 1477 2074 inquisitione

217 2117 277 2180 per
294 2096 494 2179 Magistrum
512 2097 557 2172 Ρ.,
574 2095 760 2160 Officialem
779 2095 1133 2176 Bukinghamiensem,
1149 2115 1209 2177 per
1224 2115 1335 2177 quam,
1346 2106 1417 2172 etc,
1433 2095 1476 2159 ad

216 2199 359 2264 eandem
376 2199 542 2263 admissus
557 2208 618 2275 est,
633 2208 704 2273 etc,
720 2197 812 2260 salva
829 2197 976 2261 Radulfo
992 2197 1196 2280 Tailleboys‚
1208 2199 1339 2277 vicario,
1355 2200 1477 2262 vicaria

217 2324 278 2368 sua
294 2324 396 2386 quam
420 2303 522 2366 habet
538 2303 571 2365 in
587 2301 716 2379 eadem,
732 2303 788 2383 qui
804 2301 941 2384 quidem
963 2311 1068 2365 totam
1086 2302 1177 2364 illam
1194 2302 1369 2366 ecclesiam
1386 2313 1478 2366 tene-

218 2407 268 2470 bit
298 2405 531 2488 quodvixerat,
554 2404 726 2468 reddendo
755 2404 847 2467 dicto
871 2404 1042 2468 Willelmo
1072 2415 1106 2468 et
1129 2406 1375 2469 successoribus
1401 2406 1479 2482 suis,

217 2510 369 2591 ejusdem
396 2509 534 2572 ecclesie
562 2509 721 2591 personis,
746 2529 806 2570 sex
831 2528 960 2570 marcas
983 2528 1113 2571 annuas
1136 2509 1273 2572 nomine
1300 2511 1477 2591 pensionis

219 2613 266 2678 Et
281 2611 479 2676 mandatum
496 2622 547 2676 est
562 2611 654 2675 dicto
671 2611 815 2675 Officiali
832 2621 877 2688 ut,
893 2624 954 2675 etc.

218 2869 361 2940 [Wlliam
373 2869 408 2921 de
418 2867 528 2932 Estone,
542 2867 680 2934 chaplae'n,
687 2866 837 2936 presented
850 2867 883 2936 by
894 2868 940 2920 the
950 2867 1037 2921 Prior
1050 2867 1111 2920 arrd
1127 2869 1254 2922 Conveni
1268 2869 1305 2937 of
1315 2869 1355 2922 St.
1369 2870 1480 2924 Fn‘des·

283 2950 363 3014 write,
379 2950 494 3017 Oxsord.
507 2951 532 3002 is
551 2948 698 3002 msn'ruted
714 2953 740 3002 to
757 2950 803 3003 tlte
818 2950 951 3017 oicarage
966 2949 1003 3017 os
1019 2948 1232 3018 Worminglrall,
1245 2950 1424 3019 ordas'nedby
1435 2952 1480 3005 tlte

283 3033 422 3100 authority
443 3032 480 3101 os
497 3031 542 3084 the
566 3031 686 3084 Council.
730 3031 787 3084 The
807 3033 940 3099 oicarage
961 3033 986 3083 is
1006 3037 1049 3084 set
1063 3038 1129 3093 out,·
1150 3033 1175 3084 it
1195 3034 1219 3086 is
1235 3034 1326 3086 worth
1339 3049 1360 3099 5
1376 3035 1479 3086 marks.

289 3113 416 3167 Wllrizm
426 3113 461 3165 de
475 3113 557 3172 Cous,
565 3115 660 3180 pnest.
672 3128 820 3166 renounces
830 3113 876 3166 leis
886 3113 989 3182 claim]

307 3255 986 3321 WIRMEHALEVICAR1n.—Willelmus
1016 3255 1059 3319 de
1083 3257 1219 3332 Estone,
1249 3259 1481 3340 cappellanus

218 3370 430 3447 presentatus
453 3381 512 3443 per
530 3361 676 3422 Priorem
693 3369 727 3422 et
745 3369 949 3422 conventum
966 3369 1081 3422 sancte
1106 3360 1324 3425 Fritheswide
1348 3361 1480 3426 Oxoni-

217 3467 308 3530 ensis
331 3463 374 3528 ad
396 3463 553 3526 vicariam
578 3462 716 3525 ecclesie
739 3461 782 3526 de
798 3461 1011 3539 Wirmehale,
1035 3465 1234 3527 auctoritate
1257 3464 1398 3528 Concilii
1422 3486 1481 3548 per

218 3590 280 3634 nos
295 3568 495 3644 ordinatam,
507 3566 597 3629 sacta
612 3566 703 3648 prius
719 3567 934 3647 inquisitione
947 3588 1006 3649 per
1020 3568 1218 3650 Magistrum
1234 3570 1278 3646 Ρ.,
1291 3569 1478 3634 Officialem

220 3672 574 3754 Bukinghamiensem,
589 3680 622 3734 et
640 3669 810 3732 Willelmo
834 3669 876 3732 de
893 3670 1004 3748 Cotes,
1023 3672 1215 3753 presbiter0,
1232 3674 1322 3755 prius
1346 3694 1479 3756 presen-

219 3786 292 3841 tato
307 3776 351 3839 ad
367 3773 519 3850 eandem,
532 3773 597 3855 juri
614 3772 704 3855 quod
727 3773 845 3837 habuit
862 3775 895 3836 in
911 3795 952 3837 ea
967 3795 1035 3837 non
1055 3775 1128 3838 sine
1143 3796 1244 3839 causa
1259 3778 1480 3856 renuntiante,

219 3901 279 3964 per
302 3900 376 3961 que,
391 3889 463 3955 etc,
479 3877 522 3941 ad
546 3877 688 3942 eandem
712 3877 878 3940 admissus
901 3888 953 3941 est
975 3889 1010 3944 et
1033 3879 1067 3941 in
1090 3899 1130 3943 ea
1153 3881 1314 3944 canonice
1337 3881 1479 3945 vicarius

221 3992 401 4066 perpetuus
432 3981 613 4056 institutus,
644 4001 721 4043 curn
752 4001 853 4044 onere
879 3991 914 4044 et
945 4001 1032 4064 pena
1061 3982 1269 4046 vicariorum.
1316 3983 1479 4048 Consistit

221 4095 334 4150 autem
349 4084 421 4167 ipsa
432 4084 555 4146 vicaria
571 4083 603 4145 in
620 4084 825 4165 competenti
838 4083 941 4146 domo
956 4095 991 4147 et
1007 4085 1040 4147 in
1053 4093 1126 4147 toto
1143 4086 1315 4168 altaragio,
1326 4087 1479 4169 exceptis

222 4189 359 4253 minutis
375 4187 524 4251 decimus
540 4186 689 4250 decuria
706 4187 836 4264 Prioris,
849 4197 883 4250 et
900 4188 932 4250 in
950 4187 1089 4251 decimis
1101 4183 1254 4253 tam'ieni
1271 4209 1371 4271 quam
1385 4189 1475 4253 bladi

222 4293 319 4355 unius
343 4290 420 4353 hide
443 4300 529 4354 terre
552 4292 585 4353 in
609 4290 687 4353 villa
710 4290 752 4353 de
776 4291 950 4368 Thomele,
966 4291 1052 4354 illius
1076 4293 1203 4356 scilicet
1225 4292 1304 4356 hide
1326 4314 1391 4375 que
1415 4293 1477 4357 suit

223 4393 462 4459 monachorum
492 4393 535 4456 de
566 4392 745 4458 Strasorde.
801 4394 962 4458 Canonici
993 4404 1106 4459 autem
1137 4405 1252 4458 sancte
1276 4395 1479 4460 Frideswide

223 4508 338 4563 tenent
353 4498 386 4560 in
403 4496 574 4560 dominico
590 4517 690 4560 unam
705 4499 868 4579 virgatam
885 4498 929 4561 de
945 4498 1001 4561 illa
1017 4498 1105 4577 hida,
1119 4498 1322 4563 Godesridus
1339 4500 1479 4583 Bissope

224 4621 333 4676 unam,
350 4599 514 4663 Ricardus
531 4599 671 4663 Colewis
688 4621 799 4676 unam,
818 4601 1006 4664 Willelmus
1023 4601 1138 4666 Oliver
1153 4612 1316 4684 quartam.
1365 4602 1478 4667 Habe-

224 4706 270 4769 bit
282 4704 424 4768 vicarius
437 4711 581 4785 quatuor
593 4723 710 4766 vaccas
726 4714 759 4767 et
771 4705 888 4787 viginti
901 4714 1046 4786 quatuor
1057 4726 1138 4769 oves
1151 4706 1183 4767 in
1202 4715 1336 4787 pastura
1350 4706 1478 4769 Prioris.

223 4808 445 4875 sustinebunt
460 4807 561 4870 etiam
578 4805 657 4869 dicti
675 4807 835 4871 Canonici
852 4811 966 4872 omnia
981 4830 1083 4872 onera
1098 4809 1311 4891 episcopalia,
1327 4811 1479 4892 exceptis

223 4909 437 4975 sinodalibus.
477 4909 522 4972 Et
538 4909 626 4972 valet
642 4909 732 4973 dicta
744 4913 866 4974 vicaria
880 4913 1028 4994 quinque
1044 4932 1179 4975 marcas,
1220 4913 1265 4974 Et
1281 4914 1477 5001 mandatum

223 5027 273 5080 est
288 5014 381 5079 dicto
398 5011 542 5078 Officiali
559 5023 604 5090 ut,
619 5024 679 5077 etc.
