3609 5642
381 955 577 1100 (Botult
619 945 870 1110 §ugonis
910 971 964 1070 tt
1007 951 1214 1071 wellet
1254 945 1506 1104 &piacopt

739 1136 1143 1263 Etucoluttnatu.

461 1370 533 1438 [The
543 1369 599 1424 roll
608 1368 673 1422 here
679 1367 797 1436 printed
804 1367 882 1420 bears
892 1366 939 1420 the
949 1365 1063 1420 modam
1073 1366 1208 1435 reference
1218 1365 1336 1420 number
1343 1367 1379 1434 os
1386 1365 1421 1434 7.]

849 1542 1024 1557 ω

369 1697 370 1702 ,
392 1647 430 1700 Μ.
445 1663 466 1701 ι.

379 1647 391 1717 [
423 1649 902 1830 AlicHIDIACONATUS
936 1760 1459 1829 BUKYNGEHAMIENSIS.

312 1916 430 1986 [Robert
442 1915 580 1984 ctaplain,
593 1914 738 1969 instituted
739 1919 846 1984 parson
858 1913 895 1982 of
900 1912 1017 1966 Foxcotr
1027 1928 1064 1965 on
1075 1911 1121 1965 the
1127 1913 1317 1980 persenam
1328 1913 1365 1982 of
1380 1913 1487 1968 Walter
1494 1915 1528 1969 de
1539 1915 1569 1968 la

378 1997 465 2059 Have.
477 1996 543 2058 knt,
556 1996 655 2065 Hugh,
666 2014 685 2050 a
696 1995 834 2065 chaplain,
847 1996 883 2063 os
896 1993 1101 2064 Buckingltam,
1114 1995 1288 2062 rmounnitg
1303 1994 1349 2048 his
1358 1995 1441 2049 claim
1457 1997 1568 2051 thereto.

380 2079 480 2134 Roben
488 2079 513 2132 is
523 2084 550 2132 to
558 2093 638 2131 serve
643 2076 825 2146 personally]

401 2198 687 2262 BUKINGEHAM:
720 2195 1129 2273 Foxc0TT.—RobertuS,
1151 2195 1376 2279 cappellanus,
1398 2207 1568 2281 presenta-

313 2314 367 2368 tus
394 2323 452 2387 per
468 2302 654 2366 Walterum
674 2301 765 2365 dela
787 2300 895 2384 Haye,
912 2301 1061 2377 militem,
1076 2300 1119 2364 ad
1142 2300 1317 2364 ecclesiam
1340 2300 1384 2365 de
1408 2302 1569 2383 Foxcote‚

314 2406 402 2472 facta
418 2407 508 2489 prius
524 2405 739 2488 inquisitione
755 2425 814 2487 per
831 2405 1030 2487 Magistrum
1048 2402 1317 2480 Th.,0fficia1em
1331 2404 1568 2470 Archidiaconi

316 2509 671 2593 Bukyngehamiensis,
691 2528 790 2590 super
812 2509 940 2585 eadem,
959 2518 994 2572 et
1019 2506 1175 2591 Hugone‚
1191 2507 1398 2590 cappellano,
1413 2509 1456 2574 de
1480 2510 1568 2574 Buk-

314 2612 503 2698 ingehame,
517 2611 582 2694 juri
598 2611 688 2693 quod
705 2633 741 2675 se
760 2610 895 2675 dicebat
911 2610 1033 2675 habere
1049 2612 1082 2674 in
1099 2631 1139 2674 ea
1155 2611 1372 2676 renunciante
1394 2614 1494 2696 prius,
1510 2635 1569 2697 per

314 2738 379 2800 que
409 2717 582 2800 negotium
609 2715 670 2779 luit
694 2716 727 2778 in
754 2716 926 2798 expedito,
948 2714 1114 2779 admissus
1138 2725 1198 2793 est,
1221 2725 1255 2780 et
1281 2717 1316 2780 in
1342 2737 1383 2782 ea
1409 2720 1569 2782 canonice

315 2840 457 2904 persona
483 2820 664 2896 institutus,
690 2839 767 2882 cum
795 2839 895 2882 onere
926 2818 1034 2883 eidem
1066 2820 1100 2882 in
1128 2817 1237 2882 officio
1267 2819 1466 2885 sacerdotali
1496 2843 1568 2904 per-

315 2923 473 2988 sonaliter
484 2923 700 2988 deserviendi.
748 2924 793 2987 Et
809 2923 1008 2988 mandatum
1024 2935 1074 2989 est
1090 2923 1181 2988 dicto
1194 2923 1338 2989 Officiali
1353 2925 1443 3007 quod
1460 2927 1569 3009 ipsum

317 3025 760 3110 Robertum,cappellanum,
768 3025 869 3108 juxta
879 3025 1020 3090 sormam
1031 3028 1227 3110 premissam
1241 3028 1274 3090 in
1287 3028 1569 3111 corporalem,etc„

316 3208 460 3278 [Willt'am
470 3209 505 3263 de
516 3209 634 3275 Neville,
647 3209 726 3275 clerk,
740 3210 886 3264 instituted
891 3213 999 3278 parson
1010 3209 1046 3278 os
1054 3209 1190 3278 Chalsont
1204 3210 1245 3265 st.
1264 3210 1360 3274 otten-
1376 3211 1527 3279 presented
1540 3212 1574 3281 by

373 3291 461 3358 John,
474 3293 520 3346 tlte
535 3292 624 3346 Pn'or
636 3293 697 3346 and
713 3293 890 3362 Conventus
901 3291 1054 3346 Bradwell.
1089 3292 1184 3361 Ralph
1203 3293 1311 3354 Cibum,
1323 3292 1402 3358 clerk,
1408 3294 1573 3364 previous&

375 3374 529 3442 presentat
534 3375 606 3444 first
614 3375 770 3428 renounced
784 3375 828 3428 lu's
838 3375 930 3427 claim.
969 3374 1095 3427 Wllxitm
1111 3374 1146 3427 de
1161 3374 1382 3444 Autagnyand
1394 3375 1511 3445 Agatha
1527 3376 1572 3429 lu's

381 3455 451 3524 wife
470 3455 593 3511 releured
609 3457 684 3510 their
699 3456 780 3526 right
797 3462 824 3510 to
843 3457 900 3510 this
916 3455 1069 3510 advowson
1087 3473 1121 3509 as
1138 3460 1256 3524 appears
1277 3457 1308 3508 in
1335 3457 1382 3510 tlte
1402 3456 1570 3526 chirograpk

379 3540 509 3594 execuud
516 3540 547 3592 in
559 3539 604 3594 the
615 3540 717 3609 King¹s
728 3539 818 3593 ecurt.
856 3539 983 3593 Willtitm
993 3538 1029 3593 de
1036 3539 1149 3593 Neville
1159 3541 1185 3593 is
1195 3545 1222 3592 to
1232 3540 1330 3593 attend
1335 3539 1380 3592 tlte
1389 3541 1501 3605 schoots,
1513 3539 1574 3594 aad

380 3619 426 3674 the
439 3619 550 3689 Offia'al
557 3623 582 3674 is
591 3627 618 3675 to
629 3625 723 3690 repert
732 3627 759 3676 to
770 3621 815 3675 the
826 3621 934 3690 Butop
944 3622 975 3689 if
980 3621 1082 3691 lesaii
1091 3627 1119 3675 to
1128 3621 1165 3675 do
1174 3621 1225 3690 sa]

401 3732 688 3798 BUKINGEHAM:
713 3733 1224 3798 CHALFHUNTE.—Willelmus
1247 3733 1290 3797 de
1314 3732 1453 3811 Neville,
1475 3734 1569 3799 cleri·
1620 3748 1624 3757 ·

316 3858 385 3914 cus,
400 3847 612 3920 presentatus
636 3859 695 3922 per
717 3839 918 3922 Johannem‚
935 3840 1092 3916 Priorem,
1107 3850 1141 3903 et
1163 3848 1365 3902 conventum
1389 3839 1433 3904 de
1450 3840 1573 3905 Brade-

319 3940 421 4019 welle,
451 3943 493 4006 ad
525 3943 699 4007 ecclesiam
731 3942 773 4007 de
811 3943 1001 4020 Chalsunte,
1031 3942 1120 4007 facta
1150 3944 1240 4026 prius
1270 3944 1485 4026 inquisitione
1515 3964 1574 4029 per

319 4045 519 4130 Magistrum
532 4046 604 4125 Th,
618 4045 804 4113 Officialem
819 4045 1190 4130 Bukingehamiensem,
1201 4056 1236 4110 et
1247 4046 1428 4129 Radulpho
1439 4048 1574 4114 Gibum,

320 4149 447 4228 clerico,
462 4152 519 4232 qui
536 4152 627 4236 prius
642 4162 714 4216 erat
729 4153 772 4218 ad
793 4151 936 4215 eandem
959 4151 1134 4216 ecclesiam
1159 4171 1219 4233 per
1236 4152 1346 4234 ipsum
1369 4152 1516 4216 Priorem
1539 4163 1574 4217 et

318 4264 520 4319 conventum
548 4264 768 4339 presentatus,
796 4255 1034 4338 presentationi
1060 4254 1105 4318 illi
1136 4255 1170 4318 in
1197 4254 1345 4339 capitulo
1370 4255 1433 4318 loci
1460 4276 1571 4320 coram

319 4357 393 4440 ipso
405 4357 548 4422 Officiali
562 4359 786 4436 renunciante,
799 4359 963 4441 susceptis
975 4359 1077 4422 etiam
1090 4358 1208 4422 litteris
1220 4358 1347 4422 domini
1359 4359 1471 4442 Regis,
1483 4359 1572 4442 quod

321 4459 511 4526 Willelmus
540 4463 583 4526 de
620 4461 803 4545 Aubeigny
832 4472 868 4526 et
898 4461 1044 4545 Agatha,
1074 4482 1161 4525 uxor
1196 4461 1278 4544 ejus,
1308 4463 1506 4527 remiserunt
1541 4472 1576 4526 et

319 4565 469 4646 quietum
486 4566 714 4630 clamaverunt
729 4565 772 4630 de
787 4587 823 4629 se
838 4574 873 4629 et
889 4563 1065 4630 heredibus
1081 4567 1149 4629 suis
1165 4567 1227 4649 ipsi
1252 4566 1355 4630 Priori
1379 4577 1414 4632 et
1428 4587 1574 4631 success-

318 4669 432 4733 oribus
447 4669 514 4734 suis
531 4672 777 4754 imperpetuum
794 4669 827 4732 in
844 4668 945 4734 Curia
960 4667 1110 4751 ejusdem
1126 4669 1253 4733 domini
1273 4670 1375 4752 Regis
1394 4679 1504 4734 totum
1518 4669 1572 4752 jus

317 4783 352 4838 et
368 4772 525 4837 clamium
542 4774 632 4856 quod
655 4773 843 4838 habuerunt
866 4774 899 4836 in
923 4773 1143 4837 advocatione
1165 4774 1313 4856 predicte
1335 4773 1482 4851 ecclesie,
1504 4784 1575 4851 etc,

319 4897 379 4961 per
407 4896 473 4959 que
502 4878 676 4960 negotium
708 4877 770 4942 fuit
799 4876 832 4939 in
863 4875 1035 4960 expedito,
1064 4877 1107 4941 de
1135 4897 1300 4941 consensu
1330 4877 1412 4942 dicti
1446 4877 1574 4942 domini

319 4980 480 5046 Willelmi
496 4991 531 5044 et
547 4980 691 5065 Agathe,
706 4981 822 5044 uxoris
837 5000 906 5057 sue,
915 5001 975 5063 per
989 5001 1132 5064 quorum
1148 5000 1320 5046 assensum
1336 4980 1417 5047 dicti
1434 4982 1527 5046 Prior
1541 4993 1576 5047 et
