3609 5642
303 563 349 654 38
645 564 781 636 Rotnli
804 563 983 661 Hngone's
1008 563 1052 638 de
1078 564 1209 638 Welles

301 822 422 866 conum
451 801 564 879 Oxon,
588 814 622 866 et
653 805 793 886 receptis
824 805 942 868 litteris
972 804 1099 868 domini
1125 805 1237 886 Regis,
1259 803 1351 886 quod
1381 803 1491 868 dictus
1516 801 1555 864 R.

304 905 443 989 Hareng
480 915 514 970 et
546 906 655 970 Alicia
692 928 779 970 uxor
815 908 887 989 ejus
918 910 952 972 in
982 909 1073 970 curia
1103 907 1252 989 ejusdem
1284 907 1412 971 domini
1444 925 1556 969 coram

299 1008 488 1091 justiciariis
518 1011 585 1073 suis
610 1011 699 1093 apud
729 1011 1066 1076 Westmonasterium
1095 1023 1373 1095 recuperaverunt
1398 1011 1556 1075 seisinam

301 1133 395 1176 suam
412 1113 455 1176 de
470 1114 694 1178 advocacione
710 1115 847 1178 ecclesie
863 1115 906 1178 de
931 1115 1149 1198 Dadingtone
1165 1137 1280 1180 versus
1303 1114 1491 1197 Jobauuem
1515 1114 1558 1178 de

302 1217 558 1300 Bassingebum'
573 1229 608 1280 et
625 1218 795 1282 Abbatem
811 1218 854 1282 de
871 1219 1030 1303 Stanleg’,
1046 1241 1105 1302 per
1119 1221 1257 1283 assisam
1281 1219 1399 1282 ultime
1422 1237 1554 1302 presen-

301 1322 437 1384 tationis
453 1321 576 1385 ibidem
594 1323 751 1386 intereos
766 1334 910 1405 captam,
927 1344 986 1405 per
1000 1344 1075 1406 que,
1087 1334 1158 1400 etc,
1174 1323 1216 1387 ad
1233 1323 1375 1388 eandem
1391 1323 1557 1386 admissus

300 1436 351 1489 est
366 1437 400 1488 et
416 1427 449 1488 in
465 1446 505 1488 ea
520 1427 679 1489 canonice
695 1447 837 1509 persona
861 1428 1034 1492 institutus
1056 1449 1116 1512 per
1139 1427 1327 1510 Johannem
1352 1426 1396 1491 de
1423 1424 1551 1509 [blank]

300 1541 547 1613 procuratorem
564 1551 662 1594 suum
679 1531 722 1594 ad
739 1531 802 1595 hoc
818 1533 1008 1615 specialiter
1024 1534 1252 1597 constitutum.

336 1721 338 1724 .
387 1659 443 1742 [In
466 1659 519 1722 tlte
542 1660 672 1741 margin
686 1660 755 1743 .·—]
780 1661 903 1724 Littere
925 1662 1174 1744 presentationis
1192 1673 1226 1725 et
1249 1659 1435 1725 obedientie
1454 1671 1488 1723 et
1503 1658 1556 1721 W.

304 1763 417 1828 Hard’.

299 1990 437 2060 [Riehord
444 1992 478 2045 de
487 1992 585 2056 Edon,
598 1992 766 2056 snb-deam,
780 1994 931 2061 presented
942 1993 976 2062 by
987 1994 1034 2046 tne
1044 1994 1133 2047 Aooot
1149 1996 1184 2063 of
1198 1994 1228 2046 E
1221 1994 1352 2063 ynsieom,
1371 1994 1397 2046 is
1415 1990 1561 2044 instituted

359 2076 466 2142 parson
477 2076 514 2143 of
529 2074 644 2128 Westcot
653 2075 783 2144 Baeton]

389 2194 517 2257 PARVA
555 2195 959 2259 BARTONE.—-Ricardus
990 2195 1032 2260 de
1064 2196 1190 2271 Eston’,
1221 2195 1454 2270 subdiaconus
1485 2214 1557 2277 pre-

301 2307 451 2361 sentatus
468 2318 526 2380 per
543 2298 714 2362 Abbatem
738 2309 772 2362 et
795 2309 997 2363 conventum
1028 2299 1231 2381 Eynesbam'
1247 2300 1288 2363 ad
1314 2299 1488 2362 ecclesiam
1514 2297 1558 2362 de

302 2404 408 2466 Parva
432 2403 611 2479 Barthona‚
628 2401 715 2466 facta
739 2405 831 2485 prius
848 2404 1062 2486 inquisitione
1081 2424 1139 2487 per
1155 2402 1217 2479 W„
1233 2402 1420 2468 Officialem
1438 2402 1558 2466 Archi-

301 2505 432 2570 diaconi
461 2506 583 2583 Oxon',
605 2527 664 2589 per
689 2527 801 2588 quam,
825 2518 895 2584 etc,
915 2507 957 2570 ad
983 2506 1126 2570 eandem
1153 2507 1319 2570 admissus
1345 2517 1405 2584 est,
1428 2516 1500 2584 etc.,
1523 2515 1559 2570 et

302 2609 499 2674 mandatum
515 2621 568 2672 est
584 2609 635 2686 A„
654 2609 900 2673 Archidiacono
917 2609 1039 2686 Oxon’,
1054 2621 1115 2673 etc.

301 2847 423 2916 [Mortr'n
434 2847 467 2900 de
479 2847 587 2916 Nntley,
600 2847 737 2914 chnplain
746 2846 894 2915 presented
902 2846 989 2915 hythe
1000 2847 1086 2900 Prior
1094 2847 1130 2915 os
1136 2847 1175 2900 St.
1188 2846 1368 2911 Fn'desnn'de,
1382 2847 1407 2898 is
1417 2844 1562 2899 instituted

366 2929 446 2981 usbar
459 2929 495 2996 os
508 2929 584 2981 Oner
598 2926 792 2992 Wnckeruion,
806 2927 918 2997 Buris]

389 3047 703 3112 WYNCHENDONE
725 3046 1109 3132 [BUCKS].-Martinus
1124 3048 1168 3111 de
1186 3046 1341 3129 Nutleya,
1357 3047 1559 3128 capellanus,

303 3160 514 3233 presentatus
533 3172 592 3234 per
608 3151 755 3214 Priorem
772 3162 806 3214 et
825 3161 1028 3215 conventum
1051 3150 1174 3216 Sancte
1197 3149 1422 3214 Fredeswitbe
1438 3149 1560 3225 Oxon',

303 3254 346 3318 ad
363 3255 518 3318 vicariam
540 3254 678 3318 ecclesie
700 3253 743 3318 de
759 3253 1023 3330 Wincbendone‚
1040 3253 1127 3316 facta
1150 3254 1241 3336 prius
1264 3253 1478 3334 inquisitione
1501 3273 1560 3334 per

305 3359 361 3435 M„
377 3357 661 3422 Archidiaconum
679 3357 791 3435 Buck',
808 3379 866 3441 per
881 3378 992 3439 quam,
1007 3367 1079 3432 etc,
1094 3356 1136 3419 ad
1153 3357 1295 3421 eandem
1311 3356 1478 3420 admissus
1500 3366 1560 3434 est,

304 3471 375 3538 etc,
401 3483 477 3526 cum
505 3482 605 3526 onere
630 3473 664 3526 et
689 3482 776 3544 pena
803 3462 1009 3524 vicariorum.
1065 3461 1110 3524 Et
1143 3459 1338 3524 mandatum
1369 3470 1421 3524 est
1450 3459 1559 3524 eidem

307 3564 557 3630 Archidiacono
574 3576 618 3642 ut,
634 3576 694 3630 etc.

304 3795 402 3863 [Serio.
415 3794 552 3863 etioplnin,
563 3794 709 3861 presented
720 3793 752 3862 by
764 3793 908 3862 Reginold
921 3793 955 3846 de
966 3792 1109 3855 Leonibus,
1120 3793 1145 3845 is
1162 3791 1307 3846 instituted
1316 3796 1425 3860 parson
1441 3792 1478 3860 of
1488 3791 1561 3859 Beg-

370 3877 457 3940 broke,
469 3877 517 3928 bnt
531 3876 656 3938 Tnonms,
670 3876 715 3928 tlte
726 3875 862 3942 etraplnin
875 3877 900 3928 is
911 3881 939 3928 to
950 3876 1039 3928 retain
1052 3875 1097 3928 in's
1106 3876 1245 3942 vtearage,
1257 3873 1360 3942 subject
1374 3879 1401 3927 to
1411 3889 1430 3926 a
1440 3873 1561 3941 pensiore

369 3959 406 4024 os
411 3974 429 4010 a
436 3957 510 4026 gold
513 3959 590 4024 piece
601 3961 628 4011 to
640 3956 685 4010 tlte
697 3957 816 4027 rectora]

396 4077 764 4151 BEKEBROK.—Ser10,
787 4075 989 4160 capellanus
1014 4085 1225 4160 presentatus
1250 4097 1309 4158 per
1337 4076 1561 4158 Reginaldum

308 4182 351 4245 de
376 4180 545 4244 Leonibus
568 4179 610 4244 ad
634 4180 808 4244 ecclesiam
833 4181 875 4244 de
900 4180 1100 4256 Beckebroc,
1117 4179 1204 4242 sacta
1230 4180 1320 4261 prius
1347 4179 1561 4260 inquisitione

307 4305 367 4368 per
385 4284 434 4360 A„
451 4283 735 4347 Archidiaconum
753 4283 875 4361 Oxon',
891 4304 1076 4366 perquam,
1092 4294 1163 4359 etc,
1179 4283 1222 4346 ad
1238 4282 1380 4347 eandem
1396 4283 1562 4346 admissus

308 4397 360 4453 est
384 4407 459 4450 cum
484 4405 584 4450 onere
607 4397 640 4450 et
664 4407 750 4468 pena
766 4387 973 4463 vicariorum,
988 4398 1022 4450 et
1038 4385 1234 4449 mandatum
1251 4397 1302 4449 est
1317 4386 1426 4449 eidem
1444 4385 1563 4450 Archi-

308 4491 451 4555 diacono
467 4501 512 4566 ut,
527 4499 598 4564 etc,
614 4490 706 4552 salvo
722 4490 862 4565 Thome‚
878 4489 1061 4572 capellano,
1074 4489 1148 4570 jure
1163 4509 1233 4564 su0‚
1249 4488 1276 4551 si
1292 4489 1384 4571 quod
1407 4489 1509 4553 babet
1529 4491 1562 4553 in

309 4593 412 4677 ipsius
435 4593 573 4657 ecclesie
596 4593 725 4668 vicaria,
741 4595 797 4675 qui
821 4593 958 4675 quidem
984 4602 1090 4657 totam
1115 4592 1290 4656 ecclesiam
1317 4592 1407 4655 illam
1436 4592 1563 4656 tenebit

309 4697 553 4781 quoadvixerit‚
584 4697 755 4760 reddendo
787 4696 864 4760 inde
902 4697 1037 4760 nomine
1076 4696 1245 4777 pensionis
1284 4716 1386 4759 unum
1426 4717 1561 4760 aureum

309 4799 460 4881 ejusdem
485 4801 623 4864 ecclesie
650 4800 841 4876 rectoribus
864 4801 1048 4864 secundum
1076 4799 1165 4880 quod
1191 4809 1332 4881 apparet
1356 4820 1415 4882 per
1437 4811 1562 4863 cartam

310 4903 398 4967 bone
428 4905 588 4967 memorie
619 4905 679 4981 W„
709 4903 879 4986 quondam
920 4903 1163 4967 Lincolniensis
1196 4903 1364 4984 Episcopi,
1393 4922 1495 4983 quam
1530 4903 1563 4965 in

312 5007 459 5088 capitulo
475 5008 537 5070 loci
555 5028 653 5090 super
668 5009 876 5072 institutione
892 5029 953 5070 sua
967 5007 1129 5071 exhibuit
