3609 5642
342 597 405 654 102
692 577 827 655 Rotulz'
852 573 1029 678 Hugonis
1055 577 1099 654 de
1133 576 1267 654 Welles

335 821 434 904 pleno
449 820 596 903 capitulo
612 840 722 882 coram
748 821 820 902 ipso
845 818 1092 883 Archidiacono
1115 819 1339 896 renunciante,
1361 818 1528 884 admissus
1544 827 1597 882 est

334 935 368 989 et
388 926 421 987 in
441 923 559 988 eadem
578 923 717 986 ecclesia
743 944 883 1005 persona
908 924 1087 986 institutus.
1134 923 1180 986 Et
1206 922 1393 1004 injunctum
1413 932 1465 986 est
1483 922 1595 987 eidem

335 1029 581 1093 Archidiacono
597 1027 751 1110 presenti,
766 1037 836 1105 etc,
852 1029 899 1091 ita
914 1037 1027 1090 tamen
1043 1028 1133 1110 quod
1150 1027 1258 1091 dictus
1274 1027 1411 1091 clericus
1423 1028 1536 1091 veniat
1551 1027 1595 1090 ad

335 1134 508 1217 proximos
524 1132 656 1196 ordines
673 1131 895 1196 ordinandus.¹

336 1443 465 1508 [Martia
474 1441 551 1504 clerk,
566 1441 682 1509 nephew
693 1442 728 1509 of
739 1440 854 1493 thalmi
860 1441 972 1494 Martin
989 1440 1023 1493 de
1031 1439 1198 1504 Paleshulle,
1211 1441 1235 1492 is
1248 1439 1395 1492 imittuted
1402 1444 1430 1492 to
1441 1438 1486 1492 the
1493 1439 1597 1493 church

399 1524 615 1593 osDallington,
628 1524 721 1577 anthe
731 1525 920 1591 presentation
931 1524 966 1591 os
978 1522 1023 1577 tlte
1034 1523 1161 1576 Pnuress
1180 1523 1241 1575 and
1249 1523 1333 1575 Nuus
1349 1523 1385 1591 os
1401 1522 1598 1587 Woodchurvlt,

399 1606 472 1658 altus
483 1606 650 1668 Flamstead,
665 1605 791 1674 Geoffrey
801 1605 835 1658 de
846 1605 921 1672 Lucy
932 1606 1104 1674 renouncing
1114 1605 1159 1658 lut
1169 1605 1252 1658 claim
1263 1610 1290 1657 to
1300 1604 1530 1673 thepatronage]

326 1709 327 1714 ἵ
423 1725 910 1799 DAYLINTONE.-—MartinuS,
932 1724 1077 1802 clericus,
1098 1745 1203 1806 nepos
1226 1724 1354 1788 domini
1385 1725 1521 1788 Martini
1553 1723 1597 1788 de

337 1829 532 1905 Pateshulle,
550 1839 758 1911 presentatus
779 1849 837 1911 per
854 1829 1048 1891 Priorissam
1065 1839 1099 1890 et
1115 1828 1277 1891 moniales
1293 1829 1336 1892 de
1353 1827 1597 1892 Wudecherch’

335 1935 377 1998 ad
390 1933 563 1996 ecclesiam
577 1933 618 1996 de
632 1933 845 2014 Daylintone,
855 1932 944 1996 sacta
956 1933 1169 2014 inquisitione
1181 1953 1240 2015 per
1251 1933 1300 2010 R,
1311 1933 1596 1997 Archidiaconum

336 2037 612 2119 Norhamptonie,
642 2057 700 2118 per
730 2055 840 2117 quam,
869 2046 941 2112 etc,
970 2045 1004 2099 et
1035 2035 1205 2099 Willelmo
1243 2035 1311 2099 filio
1349 2036 1523 2102 Benedicti
1553 2036 1597 2100 de

336 2141 513 2204 Londonia
535 2140 662 2216 cleric0,
679 2139 768 2221 prius
792 2139 834 2203 ad
856 2138 998 2202 eandem
1022 2139 1196 2202 ecelesiam
1221 2160 1280 2222 per
1302 2139 1409 2204 dictas
1433 2140 1597 2204 moniales

335 2254 535 2329 presentat0,
565 2245 754 2325 resignante
784 2264 843 2325 per
873 2243 1000 2306 litteras
1030 2264 1107 2306 suas
1145 2253 1299 2326 patentes
1328 2245 1487 2328 quicquid
1513 2245 1597 2326 juris

335 2349 451 2412 habuit
468 2349 500 2410 in
516 2368 556 2411 ea
567 2368 625 2430 per
633 2347 797 2429 prefatam
809 2348 1090 2429 presentationem
1105 2368 1111 2423 ;
1137 2347 1285 2429 Hugone
1296 2348 1399 2411 etiam
1412 2348 1455 2411 de
1466 2348 1594 2413 Sancto

337 2451 525 2526 Plriliberto,
541 2449 724 2513 senescallo
746 2449 872 2512 domini
898 2449 1049 2514 Gausridi
1071 2450 1114 2513 de
1138 2450 1244 2533 Lucy,
1260 2451 1317 2532 qui
1334 2472 1394 2534 pro
1413 2450 1487 2532 jure
1503 2452 1595 2534 quod

335 2556 510 2620 dominum
548 2574 645 2616 suum
677 2553 862 2635 predictum
901 2553 1035 2617 dicebat
1065 2554 1187 2617 habere
1218 2555 1251 2617 in
1279 2564 1459 2637 patronatu
1491 2556 1596 2638 ipsius

334 2657 473 2721 ecclesie
503 2657 593 2739 prius
623 2657 857 2739 appellaverat,
888 2654 978 2720 dicte
1008 2657 1224 2739 appellationi
1256 2667 1289 2720 et
1320 2657 1412 2720 dicto
1440 2655 1505 2738 juri
1536 2678 1597 2741 per

336 2761 462 2823 litteras
484 2781 560 2822 suas
581 2769 734 2842 patentes
758 2759 973 2822 renunciante
987 2781 993 2837 ;
1009 2760 1175 2823 admissus
1194 2769 1246 2823 est
1262 2769 1296 2823 et
1316 2761 1349 2823 in
1371 2781 1412 2822 ea
1432 2761 1597 2825 canonice

335 2884 476 2947 persona
497 2865 677 2939 institutus,
692 2863 784 2926 salva
806 2863 942 2945 prelatis
961 2863 1161 2927 monialibus
1177 2863 1220 2927 de
1236 2865 1309 2946 ipsa
1324 2865 1464 2928 ecclesia
1483 2885 1597 2929 annua

335 2967 475 3031 duarum
493 2987 678 3030 marcarum
696 2967 855 3048 pensione
870 2976 905 3029 et
921 2976 1088 3031 reservata
1102 2968 1241 3031 domino
1258 2968 1452 3052 Episcopo²
1467 2967 1596 3032 eisdem

336 3071 535 3134 monialibus
545 3071 687 3152 gratiam
699 3071 731 3132 in
743 3070 815 3152 ipsa
824 3070 964 3133 ecclesia
974 3070 1127 3148 faciendi,
1138 3081 1237 3154 prout
1248 3071 1384 3134 duxerit
1396 3069 1597 3134 faciendum.

336 3175 382 3237 Et
397 3174 583 3256 injunctum
599 3183 651 3236 est
668 3173 915 3236 Archidiacono
929 3174 1020 3254 quod
1037 3175 1145 3256 ipsum
1165 3173 1387 3258 M[artinum],
1402 3185 1463 3240 etc.

334 3518 621 3589 [RobertButevilein,
634 3517 713 3572 clerk.
730 3517 755 3568 is
772 3517 916 3570 irotituted
924 3522 951 3570 to
967 3516 1012 3570 the
1023 3517 1122 3571 church
1133 3520 1165 3586 os
1183 3517 1367 3571 Cottesbrooke
1383 3534 1420 3571 on
1430 3518 1477 3572 the
1483 3522 1598 3587 presen-

399 3603 487 3654 tation
498 3600 534 3668 os
540 3599 639 3652 Robert
648 3598 826 3666 Butevt'lein.]

365 3747 370 3755 ·
422 3716 888 3783 COTTESBROC.-Robertus
914 3716 1109 3791 Butevilein,
1132 3716 1278 3792 clericus,
1301 3727 1512 3799 presentatus
1536 3739 1597 3800 per

337 3822 522 3885 Robertum
555 3819 742 3882 Butevilein
774 3819 914 3882 militem
939 3819 982 3882 ad
1008 3820 1179 3882 ecclesiam
1205 3819 1247 3882 de
1273 3819 1480 3899 Cottesbroc,
1507 3821 1598 3886 lacta

335 3926 426 4008 prius
464 3923 677 4007 inquisitione
715 3944 772 4005 per
812 3923 859 4000 R.,
893 3922 1175 3986 Archidiaconum
1215 3923 1492 4007 Norhamptonie,
1525 3937 1598 4004 etc,

335 4029 501 4093 admissus
517 4038 569 4091 est
584 4037 617 4090 et
641 4027 673 4089 in
697 4047 736 4090 ea
759 4027 920 4090 canonice
944 4048 1085 4109 persona
1108 4028 1287 4092 institutus.
1334 4029 1380 4093 Et
1396 4029 1595 4095 mandatum

337 4143 388 4198 est
403 4133 494 4196 dicto
511 4130 767 4209 Archidiacono,
783 4141 843 4196 etc.

335 4391 442 4459 [Roget
450 4389 483 4442 de
499 4387 576 4442 Well'
586 4389 612 4441 is
622 4389 766 4442 imtituted
774 4393 801 4442 to
809 4389 854 4441 the
865 4388 965 4442 churclr
983 4389 1019 4456 of
1028 4388 1152 4449 Yr‘rrwell,
1165 4388 1298 4452 Rutland,
1310 4405 1346 4442 on
1355 4390 1401 4443 the
1406 4393 1597 4458 presentation

401 4473 437 4541 os
447 4473 492 4525 the
504 4471 662 4526 Abbotand
672 4471 799 4525 Convent
807 4472 843 4539 of
854 4471 1078 4540 Peterborougaq

422 4591 847 4673 TINEWELL.-Magister
885 4593 1037 4674 Rogerus
1075 4591 1117 4654 de
1154 4591 1260 4669 Well',
1290 4601 1500 4674 presentatus
1537 4614 1597 4675 per

338 4695 508 4761 Abbatem
532 4706 566 4759 et
589 4705 790 4759 conventum
814 4695 857 4758 de
882 4695 993 4778 Burgo
1016 4695 1059 4758 ad
1082 4696 1257 4758 ecclesiam
1281 4695 1323 4758 de
1347 4695 1527 4774 Tinewell,
1550 4697 1594 4760 ad

478 4967 486 4997 ¹
502 4967 532 5018 ln
546 4967 592 5018 tlte
604 4969 708 5034 margin
718 4971 774 5017 :—‘¹
785 4966 876 5018 Faciet
890 4967 972 5017 nobis
984 4967 1087 5017 habere
1099 4966 1204 5017 litteras
1217 4967 1456 5033 presentationis.’'

479 5051 488 5079 ²
500 5049 586 5102 Some
597 5048 666 5102 such
678 5048 755 5100 word
768 5065 799 5101 as
813 5051 827 5076 ‘⁶
836 5056 977 5115 potestate
984 5048 996 5067 '¹
1009 5049 1032 5100 is
1045 5049 1172 5114 required
1184 5047 1255 5100 alter
1268 5052 1282 5077 ⁴·
1290 5047 1453 5115 Episcopo.'’
