3609 5642
589 599 767 696 Episcopi
788 599 1071 673 Lincolmcnsr's.
1392 621 1457 687 199

202 839 401 915 subdecano,
414 840 563 904 Roberto
581 840 840 923 Huntingdonie
854 850 888 903 et
908 840 1055 923 Hugone
1068 842 1180 905 Stowe
1194 840 1458 917 Archidiaconis,

204 944 373 1027 Magistris
403 944 573 1007 Willelmo
603 944 671 1007 tilio
705 944 870 1018 Fulconis‚
902 943 1074 1009 Gileberto
1098 944 1140 1007 de
1172 943 1392 1027 Scardeburg’
1423 952 1456 1005 et

202 1048 354 1111 Ricardo’
370 1048 414 1111 de
431 1048 613 1123 Lindwod‘,
630 1048 765 1131 Rogero
780 1048 823 1111 de
840 1048 1018 1125 Bristollia,
1035 1048 1184 1112 Roberto
1200 1048 1243 1111 de
1261 1048 1454 1129 Wassinge-

201 1152 302 1233 burge
316 1163 351 1216 et
376 1152 551 1234 Stephano
573 1152 616 1215 de
639 1151 807 1225 Cicestria,
832 1153 931 1214 Petro
954 1152 997 1215 de
1023 1152 1205 1233 Hungeria,
1228 1151 1399 1215 Willelmo
1414 1150 1457 1213 de

202 1255 351 1331 Avalon'‚
377 1256 547 1338 Magistrls
571 1255 742 1318 Willelmo
772 1254 814 1318 de
838 1255 958 1318 Cantia
982 1265 1016 1318 et
1044 1255 1228 1319 Amaurico
1251 1254 1294 1319 de
1325 1255 1457 1337 Bugen·

201 1358 293 1433 dene,
322 1360 421 1421 Petro
458 1358 501 1422 de
532 1359 700 1421 Bathonia
737 1368 771 1421 et
811 1359 909 1420 Petro
939 1357 982 1421 de
1021 1358 1258 1433 Cheuremunt,
1288 1358 1457 1421 canonicis

204 1461 500 1524 Lincolniensibus.
548 1462 639 1525 Data
662 1483 721 1543 per
737 1482 873 1524 manum
891 1460 1016 1525 Oliveri
1034 1462 1076 1525 de
1096 1462 1267 1544 Chedney,
1282 1462 1400 1538 clerici,
1423 1462 1456 1525 in

201 1565 346 1647 capitulo
363 1566 456 1629 Linc'
472 1565 562 1649 apud
577 1565 808 1641 Lincolniam;
825 1566 970 1648 septimo
987 1564 1147 1629 kalendas
1164 1565 1361 1629 Decembris
1374 1586 1456 1648 pon-

203 1668 345 1733 tificatus
360 1671 465 1734 nostri
481 1689 570 1733 anno
588 1669 832 1734 terciodecimo.

202 1906 271 1972 [The
277 1913 370 1975 grant
379 1913 406 1959 to
414 1907 444 1959 E
437 1907 562 1975 ymlram
579 1907 672 1975 Abbey
681 1908 717 1973 os
728 1907 774 1959 tlte
789 1908 1000 1975 appropriation
1020 1906 1056 1973 of
1062 1906 1107 1959 the
1124 1906 1225 1959 churclr
1244 1908 1280 1974 of
1296 1906 1441 1974 Wlu'tfield
1445 1922 1458 1967 ,·

263 1990 338 2042 rlov.
349 2006 389 2055 25,
402 1994 486 2054 ma]

286 2090 756 2167 WHITEFELD.—Omnibus,
771 2102 832 2155 etc.
880 2092 1020 2155 Noverit
1044 2092 1240 2154 universitas
1265 2102 1373 2155 vestra
1397 2113 1457 2155 nos

202 2197 242 2260 de
257 2218 395 2261 assensu
424 2197 547 2280 Rogeri
570 2196 688 2260 decani
713 2206 746 2259 et
770 2196 908 2280 capituli
933 2198 1035 2260 nostri
1061 2196 1153 2259 Linc’
1177 2197 1309 2260 dedisse
1331 2206 1365 2260 et
1381 2218 1458 2259 con-

202 2302 338 2363 cessisse
360 2300 491 2364 dilectis
515 2301 548 2363 in
568 2300 701 2364 Christo
725 2299 800 2362 filiis
820 2299 946 2362 Abbati
971 2310 1005 2363 et
1028 2300 1206 2363 conventui
1233 2300 1459 2383 Egneshamie

202 2403 373 2467 ecclesiam
384 2403 428 2467 de
440 2403 644 2467 Whitelelde
655 2424 731 2466 curn
743 2404 951 2486 pertinentiis
965 2404 996 2465 in
1012 2404 1161 2485 proprios
1173 2424 1253 2467 usus
1269 2403 1457 2467 habendam

202 2518 233 2569 et
257 2509 290 2571 in
314 2516 513 2590 perpetuum
545 2506 793 2590 possidendam,
817 2508 909 2569 salva
932 2518 1094 2589 perpetua
1125 2507 1246 2570 vicaria
1276 2509 1309 2570 in
1340 2508 1458 2571 eadem

202 2610 340 2674 ecclesia
364 2609 465 2692 juxta
488 2611 762 2673 constitutionem
786 2609 917 2672 concilii
943 2610 1153 2691 provincialis
1177 2610 1266 2693 apud
1284 2611 1457 2676 Oxoniam

202 2716 262 2777 sub
277 2713 459 2778 venerabili
476 2723 571 2796 patre
585 2712 724 2776 domino
742 2713 917 2795 Stephano
934 2712 1165 2777 Cantuariensi
1184 2714 1458 2797 ArchiepiscopO,

203 2819 303 2881 totius
339 2818 464 2901 Anglie
502 2817 645 2901 primati,
678 2830 712 2881 et
750 2818 875 2881 Sancte
915 2818 1068 2881 Romane
1106 2817 1244 2882 ecclesie
1282 2818 1460 2893 Cardinali,

202 2922 357 2991 celebrati
373 2943 433 3005 per
455 2942 517 2985 nos
539 2921 734 2984 ordinanda.
781 2921 935 2984 Vicarius
958 2932 1071 2985 autem
1095 2921 1185 2986 dicte
1209 2922 1348 2985 ecclesie
1371 2923 1459 2985 sino-

204 3026 289 3089 dalia
303 3026 422 3101 solvet,
437 3037 472 3089 et
487 3024 568 3089 dicti
585 3025 740 3088 monachi
757 3025 940 3107 hospitium
958 3025 1194 3088 Archidiaconi
1213 3026 1438 3108 procurabunt
1452 3049 1459 3105 ;

204 3132 308 3208 salvis,
323 3143 385 3195 etc.
433 3130 535 3214 Quod
552 3141 589 3194 ut
605 3131 680 3214 [etc.
697 3129 849 3213 sealing],
861 3130 925 3192 hiis
942 3130 1090 3195 testibus.
1145 3132 1234 3195 Data
1249 3140 1286 3194 ut
1301 3152 1402 3214 supra
1424 3132 1456 3195 in

204 3237 356 3319 proxima
371 3245 472 3298 carta.

285 3339 344 3423 [In
367 3339 421 3402 tlte
443 3336 725 3421 nrargv'ns—fflec
742 3337 892 3400 nondum
918 3338 1040 3401 tradita
1056 3349 1115 3412 est,
1132 3337 1189 3401 sed
1207 3346 1259 3400 est
1283 3338 1314 3399 in
1332 3338 1460 3401 scriniis

203 3442 327 3507 domini
345 3444 516 3527 Episcopi.

283 3618 353 3701 [On
370 3617 423 3679 tlte
437 3616 529 3680 dorse
542 3616 613 3697 .·—]

202 3735 270 3799 [me
280 3736 442 3787 institutam
453 3734 489 3802 of
499 3733 620 3785 Thomas
630 3732 665 3785 dc
676 3734 820 3786 Fiskerton
832 3739 859 3785 to
870 3733 917 3785 tlte
925 3733 1024 3785 clrurclr
1037 3733 1073 3801 os
1080 3734 1118 3785 St.
1132 3732 1218 3795 Peter,
1233 3732 1459 3801 rvorttamproun

285 3836 465 3913 Omnibus,
487 3847 548 3900 etc.
597 3836 735 3899 Noverit
759 3836 956 3899 universitas
988 3826 1097 3899 vestra
1125 3854 1185 3897 nos
1217 3834 1258 3897 ad
1288 3846 1457 3918 presenta-

202 3942 325 4004 tionem
366 3939 572 4003 delectorum
613 3940 645 4001 in
685 3940 819 4003 Christo
857 3938 999 4001 filiorum
1040 3940 1160 4001 Prioris
1197 3948 1231 4002 et
1273 3951 1459 4003 conventus

203 4045 313 4109 Sancti
333 4044 471 4107 Andree
488 4044 733 4106 Norhamtonie
743 4042 902 4105 dilectum
918 4044 948 4105 in
961 4042 1095 4106 Christo
1111 4042 1215 4105 filium
1232 4042 1399 4105 Thomam
1416 4043 1458 4106 de

203 4148 399 4211 Fislrertone
429 4148 640 4229 capellanum
668 4145 711 4208 ad
738 4145 913 4209 ecclesiam
945 4146 1060 4210 Sancti
1095 4146 1180 4209 Petri
1215 4145 1458 4208 Norhamtonie

201 4252 383 4327 admisisse,
407 4252 584 4333 ipsumque
607 4252 639 4312 in
664 4271 705 4313 ea
727 4251 889 4312 canonice
913 4270 1090 4331 personam
1116 4250 1306 4313 instituisse.
1355 4248 1399 4312 Et
1424 4251 1455 4311 in

203 4354 297 4437 hujus
314 4356 361 4417 rei
378 4354 618 4428 testimonium,
634 4362 694 4416 etc.

290 4526 360 4612 [On
377 4528 514 4606 theface
525 4527 594 4608 .·—]

559 4631 700 4694 Ausus
722 4645 899 4707 <susurrus
925 4645 1098 4695 uncturus.

205 4756 272 4821 [th
286 4756 446 4809 institution
464 4757 500 4822 os
511 4755 596 4807 Peter
609 4754 642 4806 de
662 4756 804 4807 Batlrom'a
818 4762 845 4807 to
861 4756 906 4807 the
920 4744 1028 4809 clrurclt'
1038 4757 1072 4821 os
1080 4756 1117 4807 St.
1132 4756 1219 4817 Peter,
1233 4755 1459 4822 rl'orttmmpton,·

256 4839 323 4904 jau.
334 4854 376 4903 23,
391 4853 475 4901 1225,·
489 4852 533 4902 see¹
539 4840 569 4903 p.
582 4840 650 4899 roa]

285 4940 474 5004 Ecccssm
506 4939 647 5001 Saucrr
691 4941 804 5001 l’anu
841 4938 1364 5014 Nounsuroursa-Omnibus,
1397 4950 1457 5003 etc.

207 5041 338 5108 Noverit
362 5041 562 5105 universitas
585 5053 695 5106 vestra
718 5064 779 5105 nos
802 5043 844 5105 ad
868 5044 1152 5125 presentationem
1178 5042 1299 5106 Prioris
1322 5053 1356 5106 et
1380 5062 1456 5105 con-
