3609 5642
356 562 428 634 274
697 541 835 614 Rotulz'
856 542 1034 639 Hugonzs
1059 542 1102 614 do
1137 540 1269 615 Wellos

353 777 425 846 [The
436 776 537 831 churclt
545 778 583 845 of
591 777 677 831 Grec!
686 776 778 845 Dalhy
795 776 910 847 belongs
920 781 948 831 to
966 776 1011 831 the
1024 776 1150 831 Convent
1159 778 1196 845 of
1211 777 1352 841 Chocomb.
1366 778 1540 841 nontam..
1557 780 1617 833 and

419 859 465 912 tlte
474 860 611 927 vrborogo
624 859 714 913 worth
726 878 744 924 4
754 858 856 922 marks,
870 860 895 912 ἐς
906 858 1063 928 deseram]

443 980 561 1042 Pmoa
586 992 634 1042 ET
661 978 896 1043 convensus
916 993 966 1043 uu
992 979 1256 1045 CnAucuuse:
1289 979 1614 1073 Drinum-vicaria

355 1082 507 1146 consistit
522 1084 555 1145 in
579 1092 651 1146 tota
674 1082 836 1166 altaragio
858 1103 935 1145 cum
959 1103 1077 1147 manso
1093 1093 1306 1166 competente
1328 1085 1556 1167 assignando;
1579 1093 1613 1147 et

354 1186 461 1250 solvet
475 1186 616 1250 vicarius
631 1186 796 1250 sinodalia
804 1196 946 1250 tantum.
991 1186 1121 1251 Totalis
1134 1186 1275 1251 ecclesia
1293 1188 1382 1251 valet
1398 1187 1446 1269 xij
1465 1208 1615 1266 marcas;

354 1286 477 1350 vicaria
491 1286 580 1351 valet
592 1286 637 1368 iiij
657 1307 793 1350 marcas.

354 1543 427 1612 [ΤΙιι
436 1544 582 1613 clearcho
589 1543 816 1612 GreatPeatling
826 1543 940 1612 belongs
949 1548 1025 1597 totle
1035 1544 1162 1611 Prioros
1180 1544 1268 1603 Ware.
1281 1544 1373 1597 Hertr.
1413 1543 1471 1597 The
1481 1546 1615 1613 vicorage

419 1624 611 1692 bdosmbedj

442 1735 560 1800 Pmon
591 1749 642 1799 oe
669 1735 856 1799 Wnnnas:
881 1733 1251 1797 Psrnnc’.-vicana
1282 1736 1433 1799 consistit
1471 1736 1506 1799 in
1542 1744 1615 1799 toto

355 1838 526 1922 altaragio,
549 1849 584 1903 et
608 1840 641 1902 in
667 1848 754 1902 terra
780 1837 952 1901 dominica
982 1838 1121 1901 ecclesie
1148 1857 1224 1901 cum
1250 1858 1368 1901 manso
1398 1846 1615 1922 competente

354 1941 557 2025 assignando
571 1965 578 2021 ;
595 1952 630 2006 et
645 1942 752 2006 solvet
768 1942 910 2005 vicarius
925 1941 1092 2005 sinodolia
1107 1951 1247 2005 tantum.

354 2246 539 2314 [Thechurch
558 2246 595 2315 os
606 2244 738 2314 Somerby
756 2246 869 2313 belongs
886 2251 914 2299 to
925 2246 970 2301 tlte
990 2262 1066 2301 nans
1084 2246 1120 2315 os
1126 2246 1258 2315 Langon,
1281 2246 1364 2300 [eos.
1403 2246 1460 2300 Tlre
1470 2248 1612 2315 vimrage.

419 2328 509 2382 worth
515 2345 537 2394 5
548 2328 650 2393 marks,
662 2329 687 2382 is
695 2328 853 2395 described]

441 2449 640 2513 PRIORISSA
663 2462 711 2511 ET
734 2460 929 2514 MONIALES
951 2462 1001 2512 DE
1019 2448 1273 2513 LANGELEGA:
1298 2447 1614 2513 SUMEREDEBY.-

352 2552 488 2615 Vicaria
503 2552 655 2615 consistit
670 2553 705 2615 in
722 2561 797 2615 toto
813 2552 978 2636 altaragio
993 2562 1027 2617 et
1043 2552 1076 2615 in
1094 2563 1181 2616 terra
1195 2552 1365 2617 dominica
1379 2552 1519 2615 ecclesie
1535 2572 1612 2615 cum

354 2677 473 2720 manso
488 2666 701 2739 competente
717 2656 924 2739 assignando
937 2678 945 2734 ;
961 2667 995 2721 et
1011 2658 1152 2721 vicarius
1168 2657 1274 2721 solvet
1290 2656 1453 2720 sinodalia
1466 2666 1613 2723 tantum.

353 2760 489 2824 Vicaria
503 2760 593 2825 valet
608 2782 629 2823 v
645 2780 781 2824 marcas.

352 2997 424 3067 [The
434 2998 565 3067 ot'corage
575 2998 611 3066 of
617 2998 783 3060 Direwonh
796 2997 856 3051 also
867 2997 1018 3066 belonging
1030 3004 1056 3051 to
1067 2998 1113 3051 tlte
1123 3014 1198 3050 nune
1209 2998 1246 3063 os
1252 2997 1388 3067 LangIey,
1401 2998 1426 3049 is
1436 2996 1596 3065 desmbedn

442 3109 908 3175 DIHCESWRDE.—Vicarius
925 3119 1104 3191 perpetuus
1117 3108 1256 3172 habebit
1272 3110 1407 3172 nomine
1419 3110 1541 3172 vicarie
1552 3131 1615 3174 sue

353 3213 415 3275 sibi
445 3222 480 3276 et
507 3212 627 3276 clerico
650 3234 711 3275 suo
733 3211 955 3275 sufficientem
983 3210 1227 3275 exhibitionem
1259 3212 1366 3275 victus
1390 3210 1433 3275 ad
1457 3232 1612 3291 mensam

354 3315 549 3380 monialium
566 3326 603 3379 ut
622 3318 764 3380 vicarius
785 3316 950 3393 secularis
966 3325 1000 3378 et
1023 3313 1203 3399 forragium
1225 3316 1267 3379 ad
1285 3315 1482 3399 palefridum
1503 3338 1615 3393 suum,

352 3431 387 3484 et
413 3419 619 3503 prebendam
647 3420 784 3502 quando
811 3420 886 3483 ierit
913 3417 956 3482 ad
983 3418 1139 3482 sinodum
1167 3428 1200 3483 et
1225 3419 1437 3502 capitulaet
1460 3427 1614 3502 preterea

352 3524 470 3607 viginti
493 3522 619 3586 solidos
645 3543 774 3587 annuos
802 3544 863 3607 pro
885 3522 1069 3607 stipendiis.
1127 3522 1276 3586 Habebit
1299 3523 1399 3586 etiam
1425 3524 1613 3588 secundum

352 3628 500 3710 legatum
515 3645 620 3707 usque
636 3626 679 3689 ad
696 3646 865 3690 summam
882 3646 944 3689 sex
960 3625 1182 3703 denariorum,
1197 3635 1232 3689 et
1247 3624 1337 3707 quod
1353 3625 1441 3689 ultra
1455 3626 1518 3689 erit
1535 3648 1613 3691 cum

352 3732 449 3796 dictis
467 3730 668 3794 monialibus
684 3729 894 3807 dimidiabit;
918 3739 952 3793 et
967 3730 1104 3794 habebit
1120 3732 1152 3793 in
1177 3730 1359 3811 majoribus
1382 3729 1614 3814 sollempnita-

352 3835 440 3899 tibus
455 3834 643 3898 oblationes
658 3844 843 3911 consuetas,
857 3844 892 3897 et
916 3854 976 3917 pro
997 3833 1207 3917 sponsalibus
1224 3854 1327 3897 unum
1349 3833 1533 3912 denarium,
1550 3856 1614 3919 pro

244 3927 273 3985 ·’
351 3960 490 4022 corpore
520 3940 667 4022 presenti
697 3958 800 4003 unum
831 3938 1018 4015 denarium,
1048 3949 1083 4002 et
1113 3957 1267 4002 mansum
1298 3948 1548 4021 competentem
1582 3944 1613 4005 ei

352 4042 572 4125 assignabunt
595 4040 719 4124 [added
744 4040 909 4125 loter:-]
933 4041 1022 4124 quod
1046 4051 1080 4106 et
1104 4042 1175 4123 jam
1202 4041 1326 4106 lactum
1350 4052 1401 4105 est
1424 4041 1467 4106 de
1491 4064 1615 4108 manso

353 4147 509 4230 priorisse
523 4155 558 4210 et
573 4166 678 4230 prope
693 4146 877 4210 ecclesiam.

352 4384 425 4449 [The
440 4383 540 4436 church
555 4382 591 4450 of
601 4381 718 4436 Dunton
738 4380 850 4435 Bassos
862 4382 975 4450 belongs
989 4381 1074 4436 totle
1091 4381 1260 4450 Conventof
1273 4382 1404 4445 Canwell,
1416 4380 1516 4451 Stoffs.
1554 4382 1616 4437 ste

417 4463 751 4534 ot'corogeisdesm'hed.]

441 4569 595 4632 Pmoms
621 4581 670 4630 ur
697 4580 969 4633 MONACHORUM
1001 4581 1051 4630 nn
1076 4567 1336 4632 Cauewsums:
1360 4566 1615 4632 Dostone-

353 4675 508 4739 Vicarius
523 4681 703 4755 perpetuus
719 4670 855 4735 habebit
878 4672 1014 4735 nomine
1037 4672 1158 4735 vicarie
1181 4691 1240 4734 sue
1262 4670 1325 4733 sibi
1348 4680 1383 4735 et
1406 4670 1527 4735 clerico
1549 4694 1614 4737 suo

355 4777 573 4842 sufficientem
593 4776 836 4840 exhibitionem
858 4776 964 4840 victus
980 4774 1023 4839 ad
1044 4794 1196 4839 mensam
1219 4774 1470 4850 monachorum,
1486 4784 1559 4851 etc,
1576 4786 1613 4840 ut

354 4882 495 4946 vicarius
532 4880 708 4963 proximus
744 4900 852 4962 supra,
889 4879 1014 4943 scilicet
1047 4877 1090 4943 de
1121 4878 1337 4942 Dihceswrde
1367 4898 1444 4941 cum
1483 4898 1614 4957 manso,

356 4984 566 5068 assignando
