3609 5642
357 544 423 614 118
703 540 837 614 Rutuli
853 540 1029 636 Hugonz's
1054 538 1099 612 de
1124 539 1256 612 Welles

350 769 490 846 [Geoffrey
508 775 542 828 de
562 774 708 842 Wlfwnrd,
729 774 808 840 clerk,
827 776 851 828 is
869 774 1016 828 instituted
1032 780 1060 828 to
1076 775 1121 828 tlte
1137 774 1237 828 cnurcn
1248 774 1284 842 os
1295 773 1492 842 Honnington,
1510 787 1548 825 on
1563 770 1610 824 the

409 861 597 927 presentation
609 860 644 928 oj
649 857 695 910 tlte
705 858 792 911 Pn'or
800 858 859 910 arrd
872 858 998 911 Conveni
1007 858 1042 926 of
1048 856 1287 926 Sempn'nghom.]

438 968 884 1034 HANINTON'.—Galiridus
900 970 943 1034 de
967 968 1145 1046 Wllward’‚
1161 968 1308 1046 clericus,
1324 976 1534 1052 presentatus
1549 987 1610 1051 per

351 1079 549 1162 Magistrum
567 1077 712 1139 Priorem
725 1086 759 1139 et
775 1085 976 1140 conventum
992 1076 1035 1140 de
1051 1076 1293 1158 Sempingham
1310 1074 1352 1138 ad
1368 1075 1542 1138 ecclesiam
1566 1072 1610 1136 de

351 1182 544 1258 Haninton’,
570 1181 658 1245 lacta
682 1183 772 1264 prius
803 1181 1016 1264 inquisitione
1042 1202 1102 1263 per
1129 1181 1179 1257 R,
1206 1178 1489 1244 Archidiaconum
1522 1176 1609 1239 Nor-

347 1286 551 1368 hamptonie,
567 1305 625 1368 per
646 1306 758 1368 quam,
779 1295 849 1362 etc,
872 1284 1038 1349 admissus
1054 1295 1105 1349 est
1121 1295 1156 1348 et
1172 1285 1204 1348 in
1228 1305 1268 1348 ea
1290 1283 1450 1347 canonice
1465 1300 1610 1364 persona

347 1392 538 1468 institutus;
576 1391 667 1455 salva
695 1392 821 1456 eisdem
848 1393 950 1455 Priori
980 1403 1014 1456 et
1044 1391 1222 1455 conventui
1249 1389 1437 1454 decadem
1467 1386 1610 1450 ecclesia

347 1517 458 1559 annua
472 1496 569 1558 unius
587 1515 696 1558 marce
712 1496 881 1578 pensione,
896 1516 973 1559 cum
989 1516 1063 1559 eam
1088 1495 1302 1579 probaverint
1317 1514 1390 1557 esse
1406 1491 1555 1555 debitam
1573 1501 1610 1555 et

346 1603 528 1683 antiquam.
575 1600 620 1663 Et
646 1599 841 1664 mandatum
869 1611 921 1664 est
944 1600 1035 1664 dicto
1059 1600 1316 1675 Archidiacono,
1345 1607 1407 1661 etc.
1454 1597 1532 1659 Non
1556 1605 1610 1658 est

319 1727 320 1730 ¹
347 1703 579 1769 subdiaconus.

351 1963 486 2032 [Thomas
496 1962 643 2025 dolnsnln,
657 1961 734 2023 clerk,
754 1965 778 2014 is
789 1961 935 2014 rtontund
943 1963 1024 2015 ustor
1037 1962 1073 2029 os
1084 1961 1245 2020 Brocklroll.
1262 1977 1298 2013 on
1314 1960 1361 2013 the
1371 1959 1562 2027 presentatr'mt
1579 1957 1616 2025 os

405 2043 573 2193 mittasque,
584 2044 630 2097 tlte
644 2047 757 2112 parson,
770 2044 839 2097 worn
851 2045 896 2096 tte
907 2049 1001 2096 assent
1009 2044 1045 2112 of
1050 2044 1096 2096 tlte
1107 2044 1194 2096 Pn'or
1202 2043 1264 2097 ond
1280 2043 1406 2096 L'onvent
1421 2040 1456 2108 of
1467 2041 1609 2101 Bronten,

435 2229 560 2293 Sumen
584 2241 736 2291 vrcnnm
761 2240 810 2289 os
834 2227 1244 2308 Bnocnos’.-Magister
1259 2225 1409 2289 Thomas
1424 2226 1468 2290 de
1485 2225 1611 2300 Insula,

346 2332 493 2408 clericus,
524 2340 733 2413 presentatus
768 2351 825 2412 per
855 2330 1045 2413 Johannem
1076 2330 1169 2406 Wac,
1199 2340 1362 2394 rectorem
1393 2330 1532 2395 ecclesie
1565 2330 1611 2394 de

348 2436 499 2512 Brochol,
522 2435 564 2498 de
587 2454 723 2497 assensu
753 2434 873 2497 Prioris
893 2444 927 2497 et
952 2444 1154 2498 conventum
1179 2433 1222 2497 de
1251 2434 1446 2511 Brummor’,
1469 2433 1511 2497 ad
1536 2455 1610 2517 per·

346 2550 482 2623 petuam
500 2539 654 2602 vicariam
678 2537 829 2620 ejusdem
853 2538 999 2614 ecclesie,
1015 2538 1103 2601 iacta
1126 2537 1216 2620 prius
1240 2538 1453 2619 inquisitione
1476 2559 1536 2621 per
1559 2538 1611 2614 R.,

347 2643 630 2708 Archidiaconum
650 2642 927 2724 Norhamptonie,
939 2662 998 2725 per
1013 2662 1125 2723 quam,
1137 2653 1209 2718 etc,
1222 2641 1387 2704 admissus
1403 2651 1455 2705 est
1468 2650 1502 2705 et
1519 2642 1552 2704 in
1568 2663 1610 2706 ea

347 2750 409 2809 sub
420 2767 520 2809 onere
532 2756 566 2809 et
579 2767 666 2828 pena
678 2746 874 2808 vicariorum
888 2747 1031 2808 vicarius
1044 2756 1224 2828 perpetuus
1237 2746 1409 2809 institutus
1421 2747 1455 2809 in
1467 2746 1587 2810 eadem
1602 2769 1609 2818 ;

348 2851 394 2915 ita
409 2849 498 2933 quod
523 2851 565 2913 ad
591 2850 787 2914 mandatum
812 2851 940 2914 domini
966 2850 1125 2933 Episcopi
1147 2851 1257 2913 veniet
1280 2850 1494 2914 ordinandus,
1540 2849 1610 2934 Qui

347 2965 453 3019 totam
471 2955 578 3037 ipsam
594 2955 769 3018 ecclesiam
788 2956 922 3017 nomine
934 2954 1054 3018 vicarie
1070 2975 1128 3018 sue
1140 2955 1375 3037 quoadvixerit
1386 2953 1523 3030 tenebit,
1536 2952 1610 3016 red-

347 3058 459 3122 dendo
476 3059 553 3121 inde
569 3059 660 3122 dicto
675 3059 702 3141 J.
719 3068 753 3122 et
773 3056 1018 3121 successoribus
1033 3059 1110 3135 suis,
1125 3058 1276 3139 ejusdem
1292 3058 1431 3121 ecclesie
1449 3057 1610 3139 personis,

348 3162 431 3225 duas
448 3182 576 3225 marcas
591 3182 728 3224 annuas
777 3161 821 3224 Et
838 3161 1035 3226 mandatum
1051 3172 1102 3225 est
1117 3162 1208 3226 dicto
1221 3161 1470 3225 Archidiacono
1485 3170 1531 3239 ut,
1546 3172 1609 3225 etc

348 3505 433 3573 [lolm
444 3505 478 3558 de
490 3505 605 3566 Rowell,
617 3506 725 3574 acolyto,
742 3507 890 3573 presented
902 3505 936 3574 by
947 3507 992 3559 tlte
1008 3506 1095 3559 Pn'or
1109 3506 1170 3558 and
1187 3505 1355 3573 Conventus
1366 3505 1476 3569 Laund
1489 3506 1515 3558 is
1531 3506 1612 3558 insti-

412 3587 769 3738 llusslljlotltgevgzzssmge
787 3587 822 3655 of
837 3588 920 3641 Little
938 3587 1071 3652 Bowden,
1087 3588 1240 3656 consisting
1250 3587 1286 3655 os
1298 3604 1352 3639 zos.
1371 3603 1390 3640 a
1402 3602 1481 3655 year,
1487 3587 1564 3655 pan
1576 3588 1611 3656 by

438 3771 859 3854 BUGEDON’.-Jobannes
889 3772 933 3836 de
964 3772 1101 3850 Rowell,
1131 3773 1281 3850 acolituS,
1315 3780 1525 3854 presentatus
1552 3794 1613 3856 per

353 3877 498 3938 Priorem
514 3885 548 3938 et
561 3886 761 3939 conventum
780 3876 822 3939 de
847 3875 969 3939 Landa
992 3877 1034 3940 ad
1058 3875 1233 3940 ecclesiam
1250 3876 1293 3939 de
1317 3875 1499 3958 Bugedon’‚
1523 3874 1612 3939 sacta

352 3979 442 4062 prius
458 3979 671 4060 inquisitione
688 4000 746 4061 per
763 3980 811 4056 R,
830 3979 1112 4043 Archidiaconum
1135 3979 1410 4063 Norhamptonie,
1427 3998 1613 4060 perquam,

351 4092 421 4158 etc,
437 4082 601 4145 admissus
617 4093 667 4146 est
684 4093 717 4146 et
730 4083 763 4146 in
776 4104 817 4146 ea
827 4084 987 4147 canonice
999 4103 1142 4165 persona
1152 4084 1332 4160 institutus
1348 4081 1440 4146 salva
1455 4081 1612 4162 Henric0,

352 4186 558 4268 cappellano,
579 4187 701 4249 vicaria
731 4207 791 4250 sua
817 4207 918 4268 quam
943 4187 1045 4250 habet
1069 4187 1103 4249 in
1124 4185 1263 4265 eadem3
1289 4186 1346 4269 qui
1370 4194 1477 4249 totam
1503 4185 1611 4269 ipsam

353 4289 527 4352 ecclesiam
552 4291 688 4353 nomine
711 4291 831 4353 vicarie
849 4311 909 4354 sue
923 4291 1160 4372 quoadvixerit
1180 4290 1316 4366 tenebit,
1339 4287 1510 4353 reddendo
1533 4289 1613 4354 inde

352 4393 443 4456 dicto
457 4392 602 4474 Johanni
619 4394 736 4476 viginti
752 4393 877 4457 solidos
892 4413 1022 4456 annuos
1038 4394 1174 4457 nomine
1189 4394 1370 4476 pensionis.
1418 4391 1611 4474 lnjunctum

352 4506 403 4560 est
432 4496 542 4560 eidem
572 4496 600 4579 J.
629 4507 664 4560 ut
694 4498 801 4561 scolas
825 4498 887 4561 sub
918 4497 1064 4581 periculo
1091 4497 1242 4561 beneficii
1272 4497 1322 4561 sui
1354 4495 1554 4578 frequentet¹
1577 4509 1614 4563 et

353 4600 514 4678 addiscat,
541 4611 575 4664 et
604 4600 695 4683 quod
726 4603 768 4666 ad
801 4604 975 4685 proximos
998 4603 1132 4665 ordines
1158 4603 1286 4666 domini
1317 4601 1477 4684 Episcopi
1500 4602 1614 4667 veniat

353 4705 566 4769 ordinandus.
613 4705 658 4768 Et
682 4705 878 4769 mandatum
902 4716 954 4770 est
976 4705 1068 4770 dicto
1092 4706 1339 4770 Archidiacono
1362 4715 1408 4781 ut,
1430 4716 1501 4783 etc,
1517 4705 1613 4789 xviij⁰

353 4809 416 4872 kal.
434 4810 597 4876 Octobris
644 4808 876 4874 Subdiaconus
891 4820 951 4874 est.

654 4941 796 4947 -.-.....
865 4941 995 4948 ——--
1015 4943 1034 4948 -
1120 4945 1138 4948 -
1153 4935 1583 4949 -—-.—-..-.——----—-⁴

828 5000 836 5030 ¹
852 5003 866 5028 ‘¹
876 4999 897 5051 F
898 4999 1067 5067 requentat”,
1079 5001 1141 5053 MS.
