3609 5642
308 593 325 640 2
657 570 793 644 Rutuli
807 570 985 665 Hugenis
1002 571 1046 643 de
1072 570 1204 644 Welles

305 805 417 873 [Adam.
430 806 507 870 clerte,
521 807 679 876 mllatedby
691 807 735 860 the
751 807 857 875 Bishep
873 807 944 859 wetti
960 807 1005 858 ttee
1017 807 1158 876 authority
1172 807 1208 877 of
1220 808 1266 860 the
1284 809 1403 872 Councr'l,
1416 811 1563 865 instituted

364 890 709 960 panonffrnngforen

392 1010 534 1074 OXON':
575 1011 1028 1087 FERINGEFORbeaAdam,
1076 1012 1223 1087 clericus
1263 1033 1367 1094 nepos
1405 1014 1558 1096 Magistri

306 1114 445 1178 Gilberti
483 1114 526 1177 de
567 1125 684 1177 sancto
722 1114 867 1190 Alban0,
905 1117 956 1177 cui
995 1116 1152 1178 dominus
1192 1116 1380 1198 Episcopus
1418 1117 1560 1181 contulit

304 1219 502 1282 auctoritate
524 1217 663 1282 Concilii
690 1218 864 1281 ecclesiam
885 1219 928 1281 de
953 1217 1198 1300 Feringesorde,
1217 1218 1382 1282 admissus
1402 1231 1453 1284 est
1472 1231 1506 1284 et
1526 1221 1559 1283 in

304 1343 344 1386 ea
366 1322 524 1385 canonice
547 1341 689 1403 persona
717 1321 899 1385 institutus·
948 1322 992 1384 Et
1017 1322 1212 1385 mandatum
1236 1332 1288 1385 est
1312 1323 1561 1387 Archidiacono

279 1435 282 1438 ’
306 1426 419 1491 Oxon’
435 1425 535 1508 quod,
550 1435 610 1490 etc.

304 1615 404 1684 [Otuel.
416 1615 524 1680 deacon,
533 1614 680 1682 presented
694 1615 727 1682 by
737 1613 782 1666 the
797 1613 897 1666 monks
912 1614 948 1682 os
959 1613 1029 1682 Ivry
1039 1615 1071 1666 in
1087 1613 1261 1682 Nonnandy,
1276 1614 1424 1668 instituted
1437 1615 1517 1669 vicar
1531 1616 1567 1683 os

368 1693 488 1750 Astnett.
528 1697 584 1749 The
594 1697 725 1764 vicarage
736 1696 761 1748 is
771 1695 927 1764 described]

392 1823 533 1888 OXON':
559 1823 761 1887 ESTHALLE
777 1821 1139 1905 VIC[AR1A].-Otuel,
1158 1823 1328 1900 diaconus
1348 1833 1560 1905 presentatus

304 1947 363 2010 per
388 1928 569 1990 monachos
591 1926 633 1988 de
662 1925 771 1988 lbreio
797 1924 841 1987 ad
868 1926 1024 1989 vicariam
1052 1926 1190 1990 ecclesie
1216 1925 1259 1988 de
1288 1926 1448 2003 Esthalle,
1472 1927 1561 1992 lacta

305 2031 394 2114 prius
422 2031 635 2112 inquisitione
663 2051 720 2112 per
751 2030 783 2105 1,
809 2029 1091 2094 Archidiaconum
1120 2030 1243 2107 Oxon',
1268 2052 1326 2113 per
1352 2051 1463 2112 quam,
1489 2043 1560 2109 etc,

304 2132 469 2198 admissus
499 2143 559 2210 est,
589 2143 623 2196 et
654 2135 686 2195 in
717 2153 757 2197 ea
787 2145 968 2216 perpetuus
1000 2134 1140 2197 vicarius
1172 2135 1351 2198 institutus
1398 2135 1560 2199 Consistit

304 2248 416 2302 autem
441 2238 513 2320 ipsa
537 2238 657 2301 vicaria
681 2237 713 2301 in
738 2237 893 2300 omnibus
916 2238 1174 2301 obventionibus
1197 2239 1310 2301 altaris
1333 2259 1409 2301 cum
1434 2260 1560 2316 manso,

304 2341 395 2424 quod
423 2341 484 2404 luit
516 2340 755 2403 monachorum
787 2341 830 2404 de
864 2341 981 2417 ibreio,
1011 2362 1077 2423 que
1107 2342 1297 2424 appreciate
1327 2351 1405 2404 sunt
1435 2363 1496 2424 pro
1527 2344 1559 2405 iii

306 2445 434 2523 marcis
456 2445 538 2509 etin
562 2444 718 2507 omnibus
737 2444 876 2507 decimis
901 2444 1081 2525 garbarum
1105 2444 1147 2507 de
1166 2445 1344 2521 dominico,
1360 2445 1450 2526 quod
1469 2445 1560 2526 jacet

304 2571 349 2613 ex
366 2549 422 2612 illa
438 2558 531 2632 parte
547 2568 641 2630 aque,
657 2567 724 2630 qua
739 2548 802 2611 sita
818 2559 869 2612 est
884 2548 1035 2624 ecclesia,
1050 2547 1204 2612 videlicet
1221 2549 1254 2610 in
1270 2567 1391 2630 campo
1407 2549 1560 2612 orientali

306 2755 572 2840 bubulcivtenent
588 2753 630 2818 de
653 2755 772 2817 eodem
796 2754 985 2818 dominico:
1008 2765 1043 2818 et
1066 2756 1098 2818 in
1123 2775 1244 2837 campo
1266 2755 1464 2819 occidentali
1489 2777 1561 2838 per-

306 2861 408 2943 cipiet
428 2859 576 2924 decimas
597 2859 640 2922 de
665 2858 685 2921 ii
707 2858 804 2939 hydis
825 2867 859 2920 et
884 2859 968 2920 xxvi
990 2859 1074 2920 acris
1089 2859 1132 2922 de
1155 2857 1333 2935 dominic0,
1348 2870 1382 2923 et
1398 2858 1441 2922 de
1461 2861 1561 2923 xxiiii

306 2964 390 3028 acris
412 2982 496 3044 quas
519 2960 599 3025 dicti
623 2961 756 3025 bubulci
780 2972 916 3038 tenent;
940 2982 1006 3044 que
1029 2962 1165 3044 quidem
1189 2964 1379 3045 appreciate
1409 2974 1487 3027 sunt
1517 2963 1560 3028 ad

307 3069 327 3130 ii
360 3087 495 3130 marcas.
542 3065 653 3129 Debet
683 3076 794 3129 autem
826 3067 968 3128 vicarius
998 3067 1160 3130 sustinere
1190 3067 1304 3129 omnia
1339 3085 1441 3131 onera
1474 3066 1560 3130 illius

306 3170 443 3235 ecclesie
465 3168 579 3233 debita
601 3179 635 3231 et
659 3178 826 3244 consueta,
849 3179 960 3251 preter
986 3168 1168 3252 hospitium
1200 3170 1448 3246 Archidiaconi‚
1470 3170 1560 3253 quod

306 3274 386 3339 dicti
403 3273 557 3337 monachi
575 3271 799 3354 procurabunt
815 3293 821 3348 ;
845 3282 879 3335 et
895 3273 997 3336 habet
1018 3273 1106 3336 idem
1123 3274 1264 3336 vicarius
1285 3273 1436 3337 inducias
1457 3294 1561 3357 usque

306 3379 349 3442 ad
372 3377 505 3442 ordines
529 3377 634 3440 sancti
660 3375 842 3453 Michaelis,
866 3387 903 3439 ut
926 3385 1006 3438 tunc
1030 3378 1061 3439 in
1086 3376 1293 3441 sacerdotem
1319 3389 1560 3460 promoveatur.

308 3483 353 3545 Et
384 3480 580 3545 mandatum
611 3490 661 3543 est
692 3479 782 3544 dicto
814 3481 1061 3543 Archidiacono
1093 3480 1215 3557 Oxon',
1244 3482 1335 3564 quod
1374 3481 1559 3546 secundum

307 3585 447 3648 sormam
464 3585 670 3668 premissam,
685 3593 746 3647 etc.

306 3779 420 3849 [Adam,
432 3779 569 3848 chaplarn,
577 3777 768 3847 presentedby
778 3779 824 3831 tlte
836 3779 923 3832 Pn'or
931 3780 967 3848 os
978 3779 1094 3844 Neston,
1109 3780 1245 3843 Cheshe're,
1258 3781 1284 3832 is
1295 3780 1440 3833 instituted
1447 3781 1569 3850 vetares

371 3862 484 3931 Pynton.
523 3861 579 3914 The
589 3861 922 3931 vicaragendesm'ted]

394 3989 535 4055 OXON':
568 3989 942 4065 PERITONE.-Adam,
980 3988 1204 4072 cappellanus,
1247 3999 1458 4072 presentatus
1502 4010 1559 4072 per

308 4097 453 4158 Priorem
478 4103 512 4157 et
535 4103 736 4157 conventum
760 4094 802 4158 de
827 4093 978 4156 Nortone
1001 4093 1043 4156 ad
1067 4094 1222 4156 vicariam
1246 4093 1384 4157 ecclesie
1407 4093 1450 4156 de
1473 4095 1562 4156 Peri-

307 4208 394 4273 tone,
407 4197 449 4261 de
466 4217 552 4261 novo
566 4195 667 4279 juxta
679 4195 818 4260 Concilii
831 4207 957 4260 statuta
970 4196 1168 4272 ordinatam,
1180 4197 1346 4259 admissus
1358 4207 1418 4272 est,
1429 4207 1464 4260 et
1476 4197 1508 4260 in
1522 4217 1563 4260 ea

307 4303 466 4367 canonice
504 4311 684 4383 perpetuus
721 4301 862 4365 vicarius
901 4301 1080 4364 institutus.
1126 4299 1289 4364 Consistit
1325 4309 1441 4364 autem
1472 4301 1562 4364 dicta
1663 4285 1666 4291 ,

306 4406 429 4470 vicaria
445 4406 476 4467 in
494 4404 650 4468 omnibus
665 4404 925 4468 obventionibus
940 4405 1053 4467 altaris
1069 4404 1111 4467 de
1128 4405 1282 4466 Peritone
1297 4414 1332 4466 et
1353 4405 1385 4466 in
1405 4404 1561 4467 omnibus

307 4509 447 4574 decimis
465 4517 574 4591 preter
589 4508 719 4590 garbas,
735 4518 769 4571 et
786 4508 819 4570 in
835 4508 990 4571 omnibus
1006 4507 1264 4571 obventionibus
1279 4517 1314 4570 et
1328 4507 1467 4571 decimis
1490 4517 1559 4572 tarn

307 4613 484 4698 garbarum
509 4632 611 4693 quam
635 4611 773 4674 aliarum
798 4632 906 4674 rerum
931 4612 1021 4694 apud
1049 4609 1224 4687 Stanidels,
1247 4631 1322 4672 cum
1347 4631 1414 4673 uno
1444 4632 1562 4675 manso

307 4717 396 4800 apud
415 4715 584 4781 Stanidels
596 4737 671 4779 cum
690 4737 756 4779 una
771 4716 912 4780 dimidia
924 4717 1053 4796 virgata
1067 4725 1153 4778 terre
1168 4724 1203 4776 et
1213 4723 1309 4795 prato
1321 4713 1562 4794 adjacentibus,

307 4830 341 4885 et
370 4840 445 4883 cum
477 4819 543 4882 alio
570 4839 687 4882 manso
714 4820 803 4901 apud
832 4820 996 4895 Peritone,
1022 4838 1098 4880 cum
1125 4816 1264 4881 dimidia
1291 4816 1381 4898 hyda
1407 4828 1493 4880 terre
1519 4817 1562 4882 de

308 4923 479 4987 dominico
495 4921 740 4986 Canonicorum
756 4931 790 4985 et
807 4933 903 5004 prato
919 4921 962 4984 ad
978 4923 1085 5004 ipsam
1107 4931 1228 4984 terram
1251 4921 1446 5003 pertinente,
1461 4920 1560 4984 simul

308 5055 384 5100 cum
400 5034 540 5097 decimis
555 5044 589 5098 et
606 5033 748 5098 husbote
763 5044 797 5097 et
818 5034 952 5097 heibote
974 5035 1006 5096 in
1030 5033 1134 5097 bosco
1154 5052 1279 5108 eorum,
1294 5041 1329 5095 et
1352 5033 1384 5094 in
1405 5032 1561 5096 omnibus
