3609 5642
615 567 791 663 Episcopi
815 569 1099 642 Lincolniensis.
1434 595 1474 668 51

223 807 425 887 Magistrum
453 806 524 882 Th,
555 806 745 872 Officialem
781 808 1015 872 Archidiaconi
1049 810 1391 894 Bulringehamiensis,
1421 833 1481 903 per

136 958 141 966 .
221 929 335 992 quam,
362 921 433 987 etc,
459 911 626 974 admissus
657 923 716 988 est,
745 922 779 976 et
810 913 843 975 in
874 933 914 976 ea
944 915 1104 978 canonice
1131 916 1272 978 vicarius
1299 928 1479 1000 perpetuus

222 1015 404 1082 institutus.
451 1013 526 1098 Que
551 1017 704 1080 consistit
728 1017 761 1079 in
789 1017 945 1080 omnibus
971 1018 1230 1082 obventionibus
1258 1020 1380 1097 altariS,
1403 1042 1479 1085 cum

222 1117 380 1182 omnibus
397 1119 534 1183 minutis
546 1119 685 1183 decimis
702 1121 805 1184 totius
821 1121 1004 1202 parrochie,
1015 1123 1168 1204 exceptis
1186 1124 1323 1186 minutis
1339 1124 1480 1188 decimis

223 1221 268 1286 de
284 1223 375 1286 curia
397 1223 566 1288 dominica
589 1225 834 1300 canonicorum,
857 1234 891 1289 et
914 1246 990 1289 cum
1014 1225 1154 1289 dimidia
1177 1227 1306 1309 virgata
1329 1237 1423 1305 terre,
1446 1239 1480 1294 et

222 1346 301 1389 cum
325 1325 470 1409 quodam
496 1328 668 1410 mesuagio
698 1328 741 1391 ad
773 1329 980 1392 mansionem
1012 1329 1198 1412 cappellani
1230 1331 1361 1407 idone0,
1390 1340 1424 1395 et
1447 1333 1480 1395 in

221 1430 378 1495 omnibus
394 1431 505 1514 garbis
520 1430 725 1495 decimarum
741 1432 784 1496 de
807 1432 1031 1515 leguminibus
1048 1435 1081 1495 in
1096 1434 1178 1496 ortis
1201 1455 1260 1517 per
1275 1445 1382 1498 totam
1407 1455 1480 1518 par·

221 1535 370 1598 rochiam
409 1536 684 1619 provenientium,
720 1537 873 1619 exceptis
910 1538 991 1600 ortis
1028 1537 1204 1600 dominicis
1234 1539 1479 1605 canonicorum.

221 1639 376 1703 Vicarius
402 1648 514 1703 autem
542 1639 648 1704 solvet
669 1640 841 1717 sinodalia,
871 1641 1022 1704 canonici
1046 1660 1124 1704 vero
1147 1640 1329 1723 hospitium
1362 1641 1481 1705 Archi-

221 1744 355 1807 diaconi
372 1742 605 1826 procurabunt.
653 1744 698 1808 Et
716 1744 913 1808 mandatum
929 1755 981 1808 est
997 1743 1150 1820 Officiali,
1166 1754 1227 1808 etc.

221 1925 329 1997 [Adam
340 1928 375 1980 de
389 1926 550 1991 Waltharm,
563 1927 642 1990 cleri,
655 1928 801 1982 instituted
815 1933 841 1983 to
857 1945 875 1981 a
888 1930 1050 1996 parsoerage
1066 1928 1101 1997 os
1113 1929 1167 1980 dor.
1179 1929 1210 1980 in
1230 1929 1317 1982 &eat
1330 1929 1482 1996 Hampden

288 2009 388 2064 cheren
392 2027 408 2073 ,·
411 2009 562 2078 presented
569 2009 602 2078 by
610 2009 655 2062 tite
662 2010 740 2062 Earl
749 2011 785 2080 os
789 2010 934 2078 Salisbuey
941 2027 974 2063 as
981 2010 1128 2079 guardien
1136 2010 1220 2079 cfftie
1232 2010 1296 2064 heri
1303 2010 1487 2081 osReginold

289 2089 521 2159 deHampdene.]

314 2211 599 2275 BUKINGEHAM:
630 2209 999 2274 Hesionen-Adam
1030 2211 1073 2274 de
1104 2210 1306 2288 Walthame,
1335 2211 1483 2289 clericus,

222 2323 435 2397 presentatus
448 2334 506 2397 per
518 2313 693 2378 dominum
710 2314 876 2384 Comitem
896 2315 1193 2380 Sarrisburiensem
1206 2314 1248 2377 ad
1266 2323 1482 2397 personatum

222 2418 403 2500 sexaginta
419 2418 601 2482 solidorum
619 2419 652 2480 in
668 2419 808 2482 ecclesia
823 2419 866 2483 de
886 2419 1075 2495 Hamdene,
1085 2419 1214 2481 ratione
1229 2418 1380 2482 custodie
1396 2428 1482 2483 terre

223 2532 259 2586 et
289 2522 419 2585 heredis
445 2521 622 2604 Reginaldi
648 2521 690 2585 de
719 2522 931 2606 Hampdene,
958 2522 1045 2585 sacta
1074 2523 1163 2604 prius
1187 2523 1400 2604 inquisitione
1423 2543 1483 2604 per

227 2625 429 2709 Magistrum
457 2626 528 2702 Th,
559 2624 746 2690 Officialem
780 2625 1017 2690 Archidiaconi
1051 2626 1396 2709 Bulringehamiensis,
1423 2645 1483 2708 per

223 2750 335 2812 quam,
351 2741 422 2807 etc,
437 2729 603 2793 admissus
618 2738 678 2804 est,
693 2738 727 2792 et
749 2730 781 2792 in
798 2751 838 2792 ea
861 2731 1021 2793 canonice
1044 2751 1186 2813 persona
1209 2731 1387 2793 institutus
1437 2729 1484 2794 Et

225 2834 425 2898 mandatum
441 2844 493 2898 est
508 2834 599 2897 dicto
616 2831 770 2909 Officiali,
785 2844 846 2898 etc.

291 3004 341 3073 [M.
363 3019 371 3055 r
392 3003 497 3072 dorse]
879 3063 883 3072 ¹

647 3073 787 3139 Annos
812 3073 1052 3138 Unoccmos.

225 3207 271 3277 [η
281 3206 338 3260 tar.
344 3205 422 3273 June
433 3225 456 3270 4,
470 3206 547 3275 Pape
563 3207 708 3260 Haemus
719 3207 775 3261 m.
813 3207 870 3260 rie
887 3206 995 3274 Boion
1011 3205 1115 3259 vueod
1127 3205 1174 3258 ene
1189 3205 1291 3273 aniy
1300 3206 1337 3275 of
1347 3206 1483 3276 mesore.

291 3288 491 3358 uynvam]

314 3400 417 3464 Anno
423 3401 637 3484 pontificatus
649 3403 777 3466 domini
792 3402 934 3465 Honorii
947 3402 1036 3483 Pape
1048 3400 1135 3464 tertii
1146 3409 1274 3482 quarto,
1284 3399 1484 3465 duodecimo

226 3503 399 3568 Kalendas
414 3504 513 3586 Junii,
529 3505 686 3569 dominus
705 3506 757 3582 H,
775 3504 1017 3568 Lincolniensis
1034 3504 1232 3587 Episcopus,
1241 3505 1379 3568 veniens
1394 3504 1483 3589 apud

225 3609 412 3672 Prioratum
451 3607 612 3672 Tikesord
649 3619 748 3672 extra
787 3609 959 3691 Neuporte
988 3627 1089 3671 causa
1123 3607 1322 3670 visitationis
1360 3608 1483 3673 ibidem

225 3711 385 3788 faciende,
421 3711 569 3793 hospitio
606 3712 650 3774 ibi
682 3711 862 3775 honorifice
892 3724 926 3776 et
963 3731 1038 3774 cum
1068 3711 1278 3792 processione
1307 3711 1484 3794 sollempni

224 3825 400 3899 susceptus
415 3825 467 3880 est
481 3837 522 3880 eo
538 3816 601 3893 die,
617 3827 651 3880 et
667 3817 700 3879 in
717 3818 870 3894 crastino,
886 3816 1019 3891 scilicet,
1035 3815 1090 3878 die
1105 3814 1255 3891 Veneris,
1268 3825 1367 3898 prout
1383 3818 1484 3880 moris

222 3930 284 3998 est,
309 3921 341 3984 in
367 3921 514 4003 capitulo
541 3920 631 3984 facto
655 3941 808 3985 sermone
831 3921 873 3984 ad
900 3921 1025 3997 iratres,
1040 3919 1185 3983 officium
1213 3941 1309 3985 suum
1334 3920 1435 3984 libere
1450 3931 1484 3984 et

223 4026 295 4089 sine
331 4025 594 4089 contradictione
631 4036 683 4089 est
719 4035 891 4103 executus,
923 4024 1130 4108 presentibus
1167 4024 1205 4106 J,
1237 4024 1484 4088 Archidiacono

224 4127 492 4208 Bedesordiense,
509 4127 642 4192 Thoma
665 4129 707 4192 de
733 4128 939 4204 Fiskertone,
963 4128 1170 4211 cappellano,
1188 4128 1358 4210 Magistris
1383 4129 1415 4192 S.
1440 4127 1483 4192 de

225 4232 385 4298 Cicestria
407 4241 442 4297 et
468 4233 521 4296 W.
536 4232 580 4296 de
607 4232 789 4310 Lincolnia,
816 4233 986 4295 canonicis
1011 4232 1309 4310 Lincolniensibus,
1337 4231 1484 4295 Martino

225 4337 268 4400 de
285 4336 468 4414 Patehulle,
485 4337 655 4419 Magistris
672 4337 725 4400 W.
742 4337 784 4400 de
802 4336 923 4402 Cantia
945 4348 980 4402 et
1004 4338 1044 4402 N.
1060 4339 1103 4402 de
1120 4337 1311 4401 Eucshame
1333 4347 1367 4401 et
1384 4336 1425 4399 A.
1441 4336 1485 4400 de

226 4439 440 4524 Buggedene,
455 4439 627 4504 Willelmo
643 4441 674 4505 le
691 4441 843 4517 Kenteis,
859 4441 989 4518 clerico,
1004 4452 1038 4506 et
1053 4442 1134 4504 aliis.

224 4625 282 4695 [On
293 4624 334 4678 St.
346 4623 523 4678 Etheldrea's
538 4625 600 4694 day,
613 4625 696 4678 about
710 4625 839 4690 oo‘clock,
851 4629 882 4680 in
903 4627 949 4680 leis
966 4625 1028 4678 tall
1044 4629 1075 4676 at
1091 4622 1230 4687 Bnckden,
1248 4623 1294 4677 tlte
1311 4622 1418 4692 Bt'sltop
1436 4622 1485 4676 ad-

291 4705 389 4760 mitted
403 4706 514 4760 brother
527 4706 652 4760 Wltiam
664 4711 691 4760 to
702 4706 732 4760 be
737 4709 822 4775 prin
832 4709 868 4776 os
875 4708 1029 4775 Newport,·
1039 4704 1189 4774 presented
1196 4702 1230 4771 by
1240 4704 1338 4772 Hugh,
1351 4703 1441 4758 Abbot
1454 4703 1490 4772 os

295 4788 502 4852 Mamoutiers,
520 4789 613 4850 Tours,
625 4806 661 4842 on
679 4789 725 4842 tire
734 4791 909 4858 resignation
920 4794 951 4858 ο]
962 4787 1060 4856 Hugi,
1073 4788 1129 4841 late
1140 4786 1244 4855 Prion]

312 4907 416 4972 Anno
431 4907 645 4991 pontificatus
660 4909 788 4972 domini
807 4910 967 4993 Episcopi
987 4908 1142 4990 Hugonis
1152 4905 1288 4970 secundi
1298 4904 1485 4982 undecimo,

225 5011 280 5077 die
300 5013 425 5078 Sancte
445 5012 650 5076 Etheldrede
672 5013 809 5095 virginis
832 5014 919 5077 circa
942 5013 1058 5076 horam
1082 5020 1215 5073 sextam
1239 5007 1329 5093 apud
1354 5007 1485 5092 Bugge-

1369 5129 1386 5172 ε
1403 5127 1420 5172 2
