3609 5642
636 552 814 649 Episcopi
848 551 1131 624 Lincolniensis.
1394 602 1397 607 -
1472 564 1511 642 1'5

257 794 458 858 auctoritate
474 793 614 856 contulit
631 792 780 868 Concilii,
795 791 838 855 ad
854 792 996 855 eandem
1013 791 1179 854 admissus
1194 800 1246 855 est
1268 801 1303 855 et
1325 793 1357 854 in
1382 812 1422 855 ea
1437 812 1512 854 cum

257 918 361 962 onere
376 907 410 960 et
429 916 516 980 pena
538 897 734 959 vicariorum
760 904 941 978 perpetuus
964 896 1105 958 vicarius
1128 895 1308 959 institutus.
1354 894 1516 959 Consistit

258 1011 372 1065 autem
389 1001 480 1068 dicta
496 1001 617 1063 vicaria
640 1001 673 1062 in
690 999 870 1063 medietate
891 999 994 1061 totius
1010 998 1156 1061 ecclesie.
1204 998 1362 1062 Monachi
1378 1020 1457 1063 vero
1473 998 1516 1062 de

262 1105 380 1180 lbreio,
397 1113 549 1168 tenentes
564 1105 664 1166 aliam
681 1101 896 1166 medietatem
913 1102 1000 1165 illius
1016 1103 1155 1166 ecclesie
1178 1103 1211 1165 in
1227 1104 1369 1186 propriis
1394 1103 1516 1178 usibus,

259 1219 295 1272 et
310 1209 450 1272 vicarius
467 1207 635 1290 predictus
652 1205 774 1270 omnia¹
793 1227 895 1269 onera
918 1205 1068 1287 ejusdem
1093 1207 1232 1270 ecclesie
1256 1216 1325 1270 tam
1349 1207 1517 1270 ordinaria

259 1333 361 1396 quam
378 1311 642 1376 extraordinaria
657 1311 797 1393 quilibet
813 1311 938 1374 scilicet
961 1331 1021 1393 pro
1037 1331 1097 1373 sua
1120 1312 1274 1393 portione
1290 1310 1516 1376 sustinebunt

262 1417 309 1480 Et
325 1415 511 1498 injunctum
527 1426 579 1480 est
598 1414 844 1479 Archidiacono
860 1415 1006 1498 presenti
1024 1423 1069 1492 ut,
1084 1424 1146 1478 etc.

260 1603 383 1672 [Walter
391 1602 425 1655 de
439 1602 513 1665 Cler',
526 1601 634 1666 deacorn
642 1601 793 1669 presented
802 1600 892 1670 hythe
905 1599 994 1654 Abbot
1002 1601 1039 1668 os
1044 1601 1074 1652 E
1067 1601 1199 1669 ynstram,
1212 1600 1239 1653 is
1254 1600 1402 1654 instituted
1409 1603 1518 1669 parson

326 1683 628 1754 nuntiorum]

352 1803 872 1868 ROLLINDRITHE.-Walterus
888 1802 932 1867 de
948 1802 1042 1879 Cler',
1052 1802 1221 1878 diaconus,
1234 1811 1445 1884 presentatus
1461 1822 1520 1884 per

263 1908 434 1972 Abbatem
466 1917 500 1971 et
526 1917 728 1970 conventum
759 1906 802 1970 de
835 1906 1029 1988 Eynesham
1061 1905 1104 1968 ad
1135 1905 1307 1969 ecclesiam
1339 1905 1383 1968 de
1414 1907 1520 1969 Parva

263 2012 461 2088 Rollendrit,
481 2011 569 2074 sacta
592 2011 683 2094 prius
707 2010 922 2091 inquisitione
946 2029 1004 2091 per
1025 2009 1076 2086 A,
1098 2008 1381 2072 Archidiaconum
1406 2007 1520 2087 Oxon,

264 2136 323 2198 per
345 2135 456 2197 quam,
471 2123 543 2191 etc,
558 2114 725 2177 admissus
748 2122 856 2177 estet
880 2114 912 2175 in
937 2133 977 2175 ea
999 2113 1159 2175 canonice
1182 2133 1325 2194 persona
1348 2113 1520 2176 institutus

179 2233 182 2242 '
263 2239 339 2282 cum
356 2239 456 2282 onere
472 2217 662 2293 residencie,
679 2218 725 2280 ita
741 2217 831 2299 quod
857 2217 890 2278 in
906 2217 1041 2299 propria
1057 2236 1199 2296 persona
1223 2217 1256 2279 in
1280 2215 1390 2279 officio
1414 2237 1519 2280 sacer-

263 2323 367 2386 dotali
391 2322 556 2386 deserviat
580 2324 613 2384 in
636 2320 763 2385 eadem.
811 2321 857 2383 Et
880 2320 1066 2401 injunctum
1090 2329 1142 2384 est
1164 2320 1255 2383 dicto
1272 2321 1520 2385 Archidiacono

265 2438 309 2504 ut,
324 2437 395 2504 etc,
411 2427 503 2490 salva
517 2427 615 2491 dictis
632 2426 804 2490 monachis
820 2426 936 2489 decem
954 2425 1135 2488 solidorum
1160 2426 1329 2508 pensione,
1344 2445 1420 2489 cum
1444 2445 1519 2490 eam

265 2531 478 2613 probaverint
493 2552 566 2594 esse
581 2530 730 2594 debitam
747 2539 781 2593 et
797 2529 979 2610 antiquam.

264 2725 369 2796 [Hugh
380 2725 414 2778 de
425 2724 455 2778 F
453 2724 570 2792 ulsorde,
582 2724 751 2780 subdeacon.
759 2723 910 2792 presented
923 2723 957 2791 by
967 2722 1013 2775 the
1029 2722 1119 2776 Abrae
1133 2725 1169 2792 of
1180 2723 1317 2792 Readrng,
1335 2725 1361 2777 is
1377 2725 1525 2780 rnrtr'trrted

328 2809 409 2861 vicar
422 2807 458 2875 os
464 2807 583 2861 Stanton
596 2805 743 2859 Harcourt.
782 2805 839 2860 Tlre
850 2806 932 2873 abbey
942 2805 996 2858 has
1007 2822 1025 2857 a
1032 2807 1153 2873 pensiore
1165 2807 1239 2874 osso
1251 2807 1345 2859 marks
1356 2823 1374 2859 a
1379 2809 1471 2875 μαι]

353 2916 707 2998 ΞΤΑΝΤοΝἱ-Ι-Ιυςο
722 2916 765 2981 de
783 2917 971 2994 Fuleiorde,
986 2917 1221 2993 subdiaconus,
1237 2927 1447 3001 presentatus
1463 2938 1522 3000 per

265 3022 436 3086 Abbatem
453 3033 487 3086 et
502 3033 705 3085 conventum
723 3021 918 3104 Reding[ie]
934 3021 977 3084 ad
994 3021 1166 3085 ecclesiam
1184 3021 1226 3085 de
1243 3021 1417 3099 Stantone,
1434 3021 1522 3085 lacta

265 3128 355 3210 prius
378 3127 592 3210 inquisitione
616 3113 674 3209 per
699 3125 749 3202 A,
773 3126 1057 3190 Archidiaconum
1082 3125 1205 3204 Oxon',
1228 3147 1287 3208 per
1316 3147 1427 3208 quam,
1450 3136 1521 3203 etc,

264 3231 432 3312 admissus
459 3239 510 3294 est
540 3239 575 3294 et
606 3231 638 3293 in
669 3251 709 3294 ea
735 3231 894 3294 canonice
921 3250 1064 3313 persona
1090 3230 1271 3306 institutus,
1298 3231 1398 3293 salvis
1422 3230 1521 3293 dictis

266 3334 393 3398 Abbati
409 3345 443 3398 et
467 3333 639 3397 monachis
662 3334 704 3398 de
727 3355 767 3397 ea
783 3335 900 3418 viginti
925 3335 1045 3397 mareis
1068 3335 1187 3396 annuis
1210 3323 1346 3397 nomine
1369 3335 1521 3416 perpetui

265 3438 416 3503 beneficii
433 3459 491 3522 per
506 3438 680 3501 dominum
698 3438 905 3522 Episcopum
921 3447 956 3501 et
969 3437 1162 3520 Capitulum
1179 3457 1276 3500 suum
1295 3437 1521 3520 Linc[olnien-

265 3541 331 3626 ses]
358 3543 484 3607 eisdem
516 3543 682 3606 concessis
713 3553 747 3606 et
777 3542 991 3605 confirmatis.
1052 3541 1098 3604 Et
1131 3541 1317 3622 injunctum
1348 3551 1399 3605 est
1430 3541 1521 3605 dicto

266 3645 523 3723 Archidiacono,
545 3656 606 3710 etc.

265 3832 368 3902 [Hugh
385 3833 519 3900 Salvage,
534 3833 703 3896 seri-deamn,
718 3832 869 3899 presented
885 3830 919 3899 by
939 3830 985 3884 the
1003 3829 1093 3882 Abbot
1109 3831 1145 3899 os
1157 3829 1313 3898 Eynsham.
1334 3831 1359 3883 is
1377 3831 1525 3885 instituted

322 3919 430 3984 parson
441 3915 478 3985 of
484 3915 615 3979 Mettum·
631 3915 666 3968 lte
676 3916 701 3968 is
713 3921 740 3967 to
751 3914 848 3967 attend
857 3913 902 3966 tlre
913 3913 1025 3967 schools.
1063 3913 1120 3965 The
1130 3913 1211 3981 abbey
1222 3912 1321 3966 claims
1332 3931 1350 3967 a
1353 3915 1494 3984 pension]

355 4018 725 4100 MERITONA.—Hugo
749 4015 965 4100 Salvag[ius],
988 4016 1222 4092 subdiaconus,
1238 4026 1447 4098 presentatus
1464 4039 1523 4101 per

268 4123 438 4187 Abbatem
454 4133 489 4188 et
503 4133 706 4186 conventum
723 4121 765 4185 de
782 4120 999 4202 Eyneshame
1015 4119 1058 4182 ad
1081 4120 1256 4183 ecclesiam
1280 4120 1323 4183 de
1348 4121 1523 4197 Meritone,

266 4226 353 4291 sacta
377 4227 466 4310 prius
490 4227 705 4309 inquisitione
734 4245 792 4307 per
812 4223 863 4300 A,
884 4223 1170 4286 Archidiaconum
1191 4222 1314 4298 Oxon',
1330 4243 1389 4306 per
1411 4243 1522 4305 quam,

264 4343 339 4408 etc,
362 4331 528 4394 admissus
550 4342 601 4395 est
625 4340 659 4394 et
686 4330 720 4393 in
747 4350 788 4393 ea
814 4329 974 4392 canonice
1001 4347 1143 4410 persona
1164 4328 1407 4407 institutusita
1431 4327 1521 4410 quod

265 4438 371 4499 scolas
391 4434 591 4519 frequentet²
607 4445 641 4499 et
665 4433 825 4510 addiscat,
841 4433 935 4496 salva
957 4432 1056 4496 dictis
1081 4431 1209 4496 Abbati
1229 4443 1264 4496 et
1283 4433 1456 4495 monachis
1479 4431 1521 4496 de

265 4539 383 4603 eadem
399 4539 540 4603 ecclesia
556 4539 716 4621 pensione
732 4558 801 4614 sua,
816 4558 892 4601 cum
909 4557 983 4601 eam
1001 4535 1215 4618 probaverint
1234 4535 1383 4598 debitam
1398 4556 1472 4600 esse
1486 4547 1521 4600 et

265 4645 445 4725 antiquam.
493 4643 539 4704 Et
555 4641 742 4724 injunctum
758 4652 810 4705 est
824 4641 917 4704 dicto
934 4639 1182 4704 Archidiacono
1198 4648 1243 4715 ut,
1258 4649 1320 4703 etc.

331 4865 338 4895 ¹
351 4865 524 4932 Apparently
537 4864 608 4917 “vic’'
619 4879 679 4916 was
691 4863 800 4915 written
812 4861 879 4922 first,
892 4862 959 4914 then
972 4863 991 4913 it
1004 4877 1064 4914 was
1076 4863 1183 4915 altered
1194 4870 1223 4914 to
1236 4862 1356 4923 “onera’',
1369 4861 1424 4915 and
1436 4862 1519 4931 lastly

264 4955 293 4998 to
307 4946 435 4998 “omnia’'.

329 5030 339 5059 ²
353 5037 367 5056 ¹⁶
376 5027 563 5096 Frequentat”,
578 5027 638 5081 MS.
