3609 5642
360 560 428 645 196
700 556 838 627 Rotuli
859 556 1037 651 Hugonis
1062 556 1105 628 de
1141 556 1273 629 Welles

355 779 533 858 colniensis
553 796 742 878 Episcopus
760 794 891 860 dilectis
912 797 944 859 in
966 796 1100 861 Christo
1120 796 1195 860 filiis
1215 797 1377 860 universis
1396 807 1467 862 tam
1493 798 1618 861 clericis

355 920 456 981 quam
487 899 579 961 laicis
610 921 668 983 per
699 900 968 963 Lincolniensem
999 900 1159 964 diocesim
1186 901 1376 964 constitutis
1407 901 1550 965 salutem
1587 902 1618 963 in

358 1002 513 1066 Domino
559 1004 721 1068 Volentes
737 1026 797 1067 vos
812 1005 855 1068 ad
868 1026 971 1087 opera
987 1007 1134 1069 caritatis
1146 1006 1295 1082 invitare,
1305 1028 1372 1089 quo
1388 1006 1485 1069 citius
1497 1005 1619 1087 gaudia

357 1109 556 1189 repromissa
579 1108 779 1191 percipiatis,
794 1109 1009 1172 devotionem
1035 1122 1178 1173 vestram
1204 1130 1379 1172 monemus
1402 1120 1436 1173 et
1460 1111 1619 1173 attentius

355 1212 573 1274 exhortamur
596 1212 628 1274 in
654 1212 811 1288 Domino,
827 1214 984 1294 quatinus
1007 1213 1050 1276 ad
1074 1214 1316 1297 reparationem
1343 1212 1454 1295 pontis
1469 1212 1513 1275 de
1529 1212 1619 1275 Wal-

356 1314 529 1391 meslorde,
551 1336 627 1378 cum
651 1337 711 1379 vos
734 1317 779 1379 ibi
803 1317 943 1380 transire
965 1318 1151 1399 contigerit,
1174 1316 1299 1399 aliquid
1324 1316 1366 1380 de
1390 1317 1486 1379 bonis
1503 1316 1619 1379 vestris

355 1418 527 1482 caritative
564 1419 748 1483 conferatis
800 1419 871 1482 Nos
910 1430 1021 1484 autern
1061 1421 1103 1484 de
1135 1420 1198 1484 Dei
1238 1420 1465 1484 misericordia
1494 1418 1620 1487 confisi,

355 1522 511 1584 omnibus
541 1523 636 1586 vobis
659 1525 715 1606 qui
741 1544 800 1607 per
823 1525 951 1588 dictum
977 1535 1113 1607 pontem
1143 1524 1338 1588 transieritis
1364 1536 1399 1587 et
1418 1524 1619 1586 elemosinas

355 1634 482 1711 vestras
508 1626 631 1690 ibidem
657 1628 871 1703 contuleritis,
897 1626 1058 1690 confessis
1080 1638 1115 1691 et
1141 1648 1218 1691 vere
1244 1626 1479 1709 penitentibus,
1506 1624 1549 1688 de
1573 1625 1620 1687 in-

354 1728 471 1810 juncta
494 1730 588 1793 vobis
615 1731 800 1812 penitentia
824 1752 848 1792 x
879 1730 951 1793 dies
977 1731 1176 1794 relaxamus.
1224 1731 1324 1793 Hanc
1352 1740 1466 1793 autem
1491 1729 1620 1792 relaxa-

355 1834 456 1897 tionis
471 1845 584 1896 nostre
598 1834 740 1915 gratiam
757 1834 972 1897 concedimus
989 1854 1047 1917 per
1067 1834 1238 1897 biennium
1255 1833 1447 1896 duraturam
1470 1844 1504 1895 et
1523 1843 1620 1895 extra

356 1936 468 1999 villam
492 1937 535 2000 de
552 1936 796 2000 Walmesforde
820 1958 886 2001 non
912 1938 1095 2001 valituram.
1143 1936 1233 2000 Data
1258 1958 1316 2019 per
1333 1957 1470 2000 manum
1488 1935 1620 1999 Thome

356 2039 398 2103 de
430 2039 615 2103 Fiskerton'
646 2040 819 2121 capellani,
843 2042 994 2103 canonici
1028 2041 1281 2117 Lincolniensis,
1308 2041 1397 2124 apud
1432 2040 1620 2113 Lidintone,

355 2144 454 2207 tertio
470 2143 630 2207 kalendas
649 2144 803 2226 Augusti,
820 2143 1033 2227 pontificatus
1050 2146 1153 2208 nostri
1170 2164 1260 2207 anno
1277 2145 1332 2208 xii.

926 2353 1055 2365 *—

356 2487 464 2554 [Notice
480 2488 542 2541 thar
555 2489 598 2540 all
610 2488 655 2541 the
667 2491 799 2557 property
814 2488 850 2555 os
861 2504 879 2540 a
895 2488 1032 2551 Μαάθ,
1052 2487 1144 2556 Hugh
1161 2488 1194 2541 de
1211 2489 1339 2548 Bolonia.
1358 2488 1466 2556 km'glrt.
1487 2489 1541 2542 has
1560 2489 1622 2541 been

421 2568 502 2622 taken
513 2570 573 2622 into
583 2569 629 2623 the
639 2569 767 2637 Bishop's
772 2571 947 2637 protectos]
1118 2588 1122 2595 ·

446 2697 560 2761 HUGO
598 2712 648 2760 DE
687 2698 1094 2775 Romula—Omnibus,
1130 2708 1191 2761 etc.
1248 2697 1386 2761 Noverit
1424 2698 1622 2761 universitas

324 2832 334 2851 ·
355 2812 465 2865 vestra
485 2822 546 2865 nos
564 2802 678 2865 omnia
701 2801 790 2864 bona
817 2801 972 2884 Hugonis
988 2802 1031 2865 de
1050 2802 1191 2863 Bolonia
1213 2801 1327 2864 militis
1347 2802 1568 2883 crucesignati
1588 2802 1621 2865 in

355 2906 479 2969 diocesi
496 2917 609 2969 nostra
630 2907 846 2969 consistentia
865 2906 928 2968 sub
945 2906 1008 2969 Dei
1025 2916 1059 2969 et
1074 2906 1213 2969 ecclesie
1232 2916 1266 2969 et
1283 2916 1395 2969 nostra
1416 2906 1623 2987 protectione

355 3009 456 3090 juxta
473 3010 681 3092 privilegium
698 3012 1006 3092 crucesignatorum
1025 3012 1217 3091 suscepisse.
1267 3010 1310 3072 Et
1327 3012 1358 3073 iu
1376 3010 1623 3091 [etc.,sealing].

449 3320 518 3403 [On
534 3321 587 3383 the
593 3322 669 3400 face
683 3322 752 3405 .·-]

739 3433 878 3498 Annus
901 3433 1249 3497 Tssnvsnscnrus.

356 3557 429 3625 [The
436 3558 591 3609 riuumtimr
600 3558 635 3624 of
647 3556 771 3608 Willrlzm
781 3556 939 3610 chswell'
948 3556 1027 3610 [othe
1037 3556 1137 3609 clrurclr
1149 3557 1184 3624 of
1190 3556 1395 3623 Suslhorough;
1404 3556 1473 3622 Jan.
1489 3574 1532 3621 24,
1545 3574 1625 3616 ma·

420 3642 581 3706 seep.105.]

443 3758 860 3824 SUDBURG’.—Omnibus
893 3758 991 3841 [etc.].
1041 3758 1179 3821 Noverit
1204 3758 1401 3821 universitas
1423 3768 1533 3821 vestra
1565 3778 1621 3819 nos

356 3864 399 3926 ad
428 3863 709 3945 presentationem
737 3862 936 3925 dilectorum
970 3862 1001 3923 in
1034 3861 1168 3925 Christo
1201 3860 1344 3923 Abbatis
1374 3872 1407 3923 et
1438 3871 1621 3925 conventus

357 3966 656 4041 Westmonasterii,
688 3976 903 4049 patronorum
942 3964 1080 4028 ecclesie
1110 3964 1153 4027 de
1191 3964 1367 4046 Sudburg’‚
1398 3964 1557 4027 dilectum
1590 3966 1620 4026 in

357 4070 490 4134 Christo
515 4068 617 4131 filium
635 4067 842 4132 Willelmum
870 4068 912 4130 de
939 4068 1080 4143 Eswell',
1097 4068 1262 4143 clericum,
1277 4066 1319 4129 ad
1351 4068 1492 4131 eandem
1520 4068 1623 4131 eccle-

357 4176 439 4237 siam
458 4172 631 4235 admisisse
647 4172 824 4254 ipsumque
840 4173 873 4234 in
897 4192 937 4235 ea
953 4172 1112 4235 canonice
1129 4189 1305 4254 personam
1324 4171 1515 4247 instituisse,
1531 4174 1622 4235 salva
1646 4210 1650 4219 ·

358 4276 531 4358 Sans[oni]
546 4276 589 4340 de
607 4275 745 4352 Eswell’,
761 4276 889 4349 clerico
906 4276 1027 4338 vicaria
1047 4296 1107 4337 sua
1121 4295 1223 4357 quarn
1247 4275 1348 4338 habet
1370 4275 1401 4337 in
1422 4274 1551 4349 eadem,
1567 4278 1622 4357 qui

357 4390 464 4442 totam
481 4380 572 4442 illam
588 4379 762 4443 ecclesiam
784 4379 968 4461 possidebit
983 4378 1094 4461 quoad
1111 4379 1233 4442 vixerit
1256 4378 1418 4441 solvendo
1440 4377 1518 4442 inde
1533 4378 1624 4443 dicto

361 4485 410 4547 W.
427 4494 588 4565 tanquam
609 4504 749 4565 persone
769 4483 854 4545 duos
869 4482 994 4546 solidos
1011 4503 1148 4559 annuos,
1162 4482 1296 4545 nomine
1313 4482 1501 4564 pensionis;
1525 4482 1625 4545 salvis

350 4586 457 4679 [etc.].
503 4586 604 4669 Quod
621 4597 656 4649 ut
672 4588 758 4669 [etc.‚
774 4587 925 4671 sealing]‚
941 4587 1004 4650 hiis
1020 4586 1169 4662 testibus,
1188 4586 1336 4650 Roberto
1358 4585 1625 4668 Huntingdonie,

359 4692 386 4773 J.
408 4689 605 4753 Bedelordie
634 4701 668 4754 et
695 4690 841 4772 Hugone
866 4693 978 4757 Stowe
999 4689 1263 4765 Archidiaconis‚
1285 4688 1455 4771 Magistris
1480 4688 1559 4753 Ada
1582 4690 1625 4753 de

365 4794 491 4858 Sancto
530 4792 713 4856 Edmundo
752 4806 786 4857 et
824 4794 997 4858 Willelmo
1035 4793 1077 4857 de
1119 4792 1303 4867 Lincolnia,
1341 4792 1510 4855 canonicis
1550 4792 1628 4855 Lin-

360 4897 591 4971 colniensibus,
612 4897 783 4980 Magistris
803 4898 973 4961 Willelmo
992 4895 1036 4960 de
1056 4898 1185 4972 Cantia,
1207 4896 1237 4957 N
1241 4895 1371 4958 icholao
1390 4895 1433 4958 de
1454 4894 1622 4959 Evesham

359 5011 393 5064 et
416 5001 597 5063 Amaurico
612 4999 655 5063 de
677 5000 866 5083 Bugedene,
883 5002 1054 5065 Willelmo
1072 5002 1114 5065 de
1135 4999 1412 5063 Winchelcumba
1432 5009 1467 5062 et
1487 4998 1623 5063 Olivero
