3609 5642
345 567 418 637 304
698 544 835 616 Rotuli
849 544 1027 641 Hugonis
1044 544 1088 616 cle
1115 542 1247 616 Welles

343 779 453 847 [Henry
470 778 505 831 de
524 778 623 847 Derby,
643 778 812 843 suideamn
825 778 977 847 presented
995 779 1028 847 by
1044 778 1089 831 tite
1105 778 1193 831 Prior
1207 778 1268 831 and
1284 778 1412 832 Convent
1424 780 1461 847 os
1476 778 1604 848 Tnttnry,

409 862 512 931 Staffs,
529 861 555 913 is
565 860 712 913 instituted
720 866 748 914 to
758 860 804 913 tire
814 860 916 915 cturct
928 861 965 929 of
971 859 1152 929 &aplesordJ

432 971 928 1055 Sirenumve-Magister
960 972 1127 1035 Henricus
1153 970 1196 1035 de
1222 971 1346 1056 Derby,
1369 972 1604 1049 subdiaconus,

344 1084 555 1161 presentatus
571 1096 630 1158 per
647 1076 794 1140 Priorem
809 1084 844 1139 et
862 1085 1067 1140 conventum
1083 1075 1127 1140 de
1142 1075 1294 1141 Tutebiri
1311 1077 1354 1139 ad
1370 1078 1547 1141 ecclesiam
1562 1076 1604 1141 de

345 1179 546 1263 Stapeliord‚
562 1179 651 1242 iacta
673 1180 763 1262 prius
783 1180 998 1262 inquisitione
1015 1200 1074 1263 per
1090 1180 1152 1257 W,
1170 1180 1454 1244 Archidiaconum
1474 1180 1603 1245 Leices-

342 1287 413 1362 trie,
428 1292 462 1347 et
484 1282 631 1345 Ranullo
654 1282 697 1345 de
721 1283 888 1354 Ferrariis,
904 1283 1033 1359 clerico,
1057 1284 1147 1364 prius
1171 1292 1364 1365 presentato
1385 1282 1429 1347 ad
1452 1285 1604 1361 eandem,

343 1388 582 1472 presentationi
598 1408 657 1451 sue
671 1397 706 1452 et
721 1387 939 1470 appellationi
961 1397 1078 1450 contra
1094 1386 1282 1470 predictum
1301 1388 1501 1472 Magistrum
1519 1388 1604 1453 facte

343 1513 402 1575 per
418 1492 544 1555 litteras
559 1511 636 1554 suas
652 1492 878 1568 renunciante,
894 1511 954 1573 per
969 1512 1043 1573 que,
1058 1499 1129 1568 ete,
1145 1490 1187 1555 ad
1204 1491 1347 1555 eandem
1364 1491 1531 1555 admissus
1546 1502 1604 1568 est,

342 1606 403 1659 etc.
450 1595 496 1658 Et
512 1594 709 1658 mandatum
725 1602 776 1658 est
792 1593 884 1658 dicto
900 1594 1151 1661 Archidiacono
1167 1603 1213 1673 ut,
1229 1605 1289 1658 etc.

343 1918 448 1988 [Raipie
460 1917 495 1971 de
504 1918 593 1982 Ketes,
606 1917 744 1985 elsaplain.
751 1916 900 1986 presented
909 1917 942 1987 by
958 1917 1050 1987 Hugh
1067 1918 1102 1972 de
1116 1918 1308 1987 Haningtone,
1321 1920 1347 1971 is
1362 1918 1509 1972 instituted
1523 1924 1551 1973 to
1561 1918 1606 1972 tite

409 1999 507 2068 chapel
516 1999 553 2067 of
561 1999 711 2068 Glooston.]

431 2110 911 2176 GLOREstona-Radullus
941 2110 985 2175 de
1017 2110 1128 2186 KeIes,
1158 2112 1361 2193 capellanus
1394 2121 1604 2194 presentatus

343 2238 403 2300 per
421 2215 602 2299 Hugonem
619 2215 662 2278 de
680 2214 910 2298 Haningtone,
927 2214 1078 2292 militem,
1093 2214 1136 2279 ad
1153 2215 1318 2299 capellam
1335 2217 1378 2279 de
1395 2214 1603 2291 Glorestone,

343 2318 520 2384 vacantem
548 2340 608 2402 per
630 2319 827 2395 Concilium,
849 2318 937 2382 lacta
964 2320 1054 2402 prius
1081 2320 1296 2402 inquisitione
1317 2340 1376 2402 per
1399 2319 1462 2395 W,
1486 2318 1603 2383 Archi-

343 2424 523 2488 diaconum
542 2422 730 2499 Leicestrie,
746 2443 805 2505 per
820 2442 932 2505 quam,
948 2433 1019 2498 etc,
1035 2423 1078 2486 ad
1094 2422 1237 2487 eandem
1257 2422 1424 2486 admissus
1444 2431 1505 2499 est,
1520 2432 1555 2486 et
1570 2424 1602 2486 in

344 2548 384 2591 ea
399 2527 560 2590 canonice
575 2546 719 2609 persona
735 2527 917 2603 institutus,
933 2546 1010 2589 cum
1026 2547 1127 2590 onere
1151 2525 1361 2589 ministrandi
1384 2526 1604 2609 personaliter

345 2632 378 2694 in
394 2631 521 2695 eadem.
568 2631 614 2694 Et
631 2628 827 2694 mandatum
844 2640 896 2694 est
911 2629 1003 2693 dicto
1021 2630 1269 2694 Archidiacono
1286 2638 1330 2705 ut,
1346 2640 1407 2693 etc.

345 2955 483 3025 [Rietrard
501 2954 535 3008 de
555 2952 728 3022 Haverberg,
753 2954 903 3021 presented
929 2953 963 3019 ey
990 2954 1036 3007 ttre
1057 2954 1144 3007 Pn'or
1164 2954 1223 3007 arrd
1247 2954 1374 3009 Convent
1398 2954 1435 3021 os
1453 2953 1602 3023 Danenny.

410 3036 579 3100 Nortients,
592 3037 617 3088 is
628 3036 776 3089 instituted
783 3036 908 3104 meantis
915 3034 1047 3102 Forten]

432 3148 596 3211 V1cnR1A
620 3160 671 3210 DE
696 3145 1076 3210 FOXTon.-Ricardus
1099 3145 1142 3209 de
1166 3145 1381 3229 Haverberg',
1403 3147 1604 3230 capellanus,

346 3261 557 3336 presentatus
574 3271 633 3333 per
657 3250 803 3314 Priorem
827 3260 863 3314 et
884 3261 1089 3314 conventum
1113 3251 1157 3314 de
1180 3250 1364 3315 Daventria
1379 3250 1422 3313 ad
1446 3250 1601 3315 vicariam

346 3356 484 3420 ecclesie
500 3354 543 3417 de
561 3355 718 3417 Foxtone
741 3354 942 3417 auctoritate
962 3352 1102 3418 Concilii
1126 3374 1185 3436 per
1200 3352 1374 3417 dominum
1393 3354 1601 3437 Episcopum

347 3459 546 3534 ordinatam,
584 3458 674 3521 facta
712 3458 803 3540 prius
848 3458 1064 3539 inquisitione
1109 3477 1167 3539 per
1212 3456 1273 3533 W,
1319 3456 1602 3521 Archidiaconum

348 3563 536 3640 Leicestrie,
553 3584 612 3646 per
635 3583 747 3645 quam,
762 3572 834 3638 etc,
850 3562 892 3625 ad
917 3561 1060 3625 eandem
1084 3561 1250 3625 admissus
1273 3572 1333 3637 est,
1349 3570 1383 3625 et
1406 3562 1439 3624 in
1462 3582 1503 3625 ea
1526 3582 1602 3625 cum

346 3688 447 3731 onere
462 3678 497 3730 et
513 3687 609 3749 pena,
624 3677 686 3730 etc.
734 3666 779 3729 Et
796 3666 993 3728 mandatum
1010 3676 1062 3728 est
1077 3664 1168 3728 dicto
1187 3663 1434 3728 Archidiacono
1450 3673 1496 3741 ut,
1510 3674 1571 3729 etc

346 3970 484 4041 [Peterde
495 3968 622 4039 [—],
634 3968 774 4037 cinptain
789 3968 938 4036 presented
953 3968 986 4036 ty
997 3968 1042 4021 tite
1053 3968 1212 4039 Atbptnnd
1229 3968 1357 4022 Convent
1373 3970 1410 4038 eff
1423 3968 1563 4033 Ln'cester,
1580 3972 1605 4023 is

412 4050 558 4104 instituted
566 4054 593 4103 to
602 4049 649 4104 tlte
659 4049 759 4104 nurci
771 4050 807 4119 of
812 4048 969 4114 Eastwell.]

436 4162 815 4226 ESTWELLE.-Petrus
843 4161 887 4225 de
917 4160 1053 4244 [blank],
1079 4162 1280 4244 capellanus,
1311 4173 1522 4245 presentatus
1546 4184 1605 4248 per

349 4264 519 4330 Abbatem
532 4274 567 4328 et
582 4274 787 4328 conventum
805 4264 996 4342 Leicestrie,
1011 4264 1054 4326 ad
1070 4264 1244 4328 ecclesiam
1268 4265 1311 4329 de
1336 4266 1502 4344 Estwelle,
1517 4266 1606 4331 lacta

348 4366 438 4450 prius
454 4364 668 4446 inquisitione
684 4384 743 4446 per
759 4363 821 4441 W,
837 4362 1122 4427 Archidiaconum
1143 4364 1331 4443 Leicestrie,
1345 4374 1380 4429 et
1398 4365 1548 4431 Roberto
1562 4367 1605 4432 de

347 4469 488 4551 Arreby‚
503 4467 560 4549 qui
578 4487 638 4549 pro
653 4466 874 4531 advocatione
890 4467 994 4549 ipsius
1010 4467 1246 4549 appellaverat,
1262 4489 1336 4532 eam
1360 4469 1459 4533 dictis
1476 4470 1603 4535 Abbati

346 4583 381 4636 et
396 4570 575 4635 conventui
585 4572 733 4653 quietam
747 4571 915 4634 clamante
930 4570 1019 4634 dese
1034 4579 1068 4634 et
1080 4571 1258 4635 heredibus
1268 4572 1335 4635 suis
1347 4572 1379 4635 in
1396 4582 1604 4655 perpetuum,

346 4694 459 4737 coram
475 4674 614 4737 domino
631 4673 802 4756 Episcopo
817 4693 907 4736 anno
924 4673 1138 4756 pontificatus
1153 4674 1304 4755 ejusdem
1319 4676 1423 4757 xviij0,
1435 4676 1604 4741 dominica

347 4777 494 4842 secunda
517 4775 782 4859 quadragesime,
807 4777 839 4840 in
865 4777 941 4840 aula
971 4798 1031 4840 sua
1060 4777 1248 4855 Leicestrie,
1273 4799 1430 4862 perque,
1454 4791 1526 4859 etc,
1560 4781 1602 4845 ad

346 4880 488 4945 eandem
505 4881 672 4945 admissus
687 4892 739 4945 est
754 4900 830 4943 cum
846 4901 947 4945 onere
959 4891 993 4946 et
1005 4902 1093 4964 pena
1105 4882 1311 4946 vicariorum.
1359 4882 1403 4947 Et
1416 4884 1601 4966 injunctum

347 4996 398 5049 est
413 4984 505 5049 dicto
520 4984 768 5048 Archidiacono
785 4986 930 5066 presenti
946 4994 991 5061 ut,
1006 4995 1067 5049 etc.
