3609 5642
276 630 279 637 ·
314 604 386 699 326
657 599 793 679 Rotulz‘
815 602 992 703 Hugonz's
1017 601 1060 679 tle
1096 600 1227 679 Wclles

400 843 469 928 [On
485 844 537 907 tlrc
551 845 643 909 dorse
652 845 722 930 :—]

315 962 420 1027 [letter
431 961 509 1027 from
529 960 605 1029 Pape
625 962 749 1031 Gregory
759 962 810 1015 IX
821 966 848 1017 ro
864 962 906 1027 R,
919 962 1014 1029 brshop
1031 962 1066 1030 os
1075 962 1236 1023 Cln'clrester,
1245 964 1415 1031 pmnitling
1429 962 1524 1030 Roget
1537 962 1572 1015 de

384 1043 556 1097 Turberville
569 1048 597 1096 to
614 1044 685 1096 hold
699 1059 774 1098 more
789 1046 859 1098 than
874 1060 925 1098 ona
941 1046 1056 1113 benefice
1066 1045 1137 1098 with
1147 1061 1210 1099 cure
1220 1047 1257 1114 os
1265 1046 1347 1098 souis.
1385 1046 1442 1098 Tha
1457 1044 1538 1097 letter
1546 1045 1572 1096 is

378 1124 462 1178 dated
470 1124 526 1193 Ap.
538 1126 609 1191 roth.
641 1125 733 1194 Hugh
744 1126 779 1179 de
794 1126 892 1180 Wcllcs
901 1126 961 1179 lrad
969 1127 1036 1179 died
1045 1128 1089 1180 the
1095 1127 1249 1196 preceding
1260 1126 1324 1181 Feb.
1336 1142 1359 1192 7,
1373 1128 1501 1193 usage]

403 1254 575 1319 Universis
595 1254 717 1320 Christi
739 1253 892 1319 fidelibus
912 1276 1048 1339 presens
1070 1257 1232 1339 scriptum
1249 1256 1375 1333 visuris
1393 1255 1441 1333 R,
1456 1254 1570 1318 divina

315 1358 528 1422 miseratione
558 1358 775 1423 Cicestrensis
800 1359 939 1423 ecclesie
970 1360 1121 1423 minister
1150 1359 1294 1437 humilis,
1312 1359 1440 1422 domini
1468 1358 1571 1441 Regis

314 1461 538 1539 cancellarius
562 1462 704 1526 salutem
736 1462 770 1525 in
800 1462 947 1526 domino,
994 1462 1194 1527 Mandatum
1219 1462 1347 1526 domini
1379 1464 1470 1545 Pape
1500 1483 1570 1524 sus-

314 1566 464 1648 cepimus
480 1567 513 1629 in
530 1566 590 1630 hec
606 1566 727 1629 verba:
750 1566 949 1649 “Gregorius
966 1567 1164 1651 Episcopus,
1180 1588 1293 1631 servus
1309 1586 1478 1630 servorum
1497 1565 1570 1643 Dei,

314 1670 494 1733 venerabili
528 1669 620 1733 fratri
658 1670 829 1754 Episcopo
867 1670 1076 1748 Cicestrensi,
1110 1671 1251 1735 salutem
1286 1680 1321 1735 et
1350 1670 1569 1754 apostolicam

314 1772 591 1837 benedictionem.
638 1775 694 1837 Ex
711 1784 805 1858 parte
820 1775 933 1839 dilecti
950 1774 1007 1837 filii
1025 1775 1147 1858 Rogeri
1164 1774 1206 1838 de
1222 1774 1438 1851 Turberville,
1453 1774 1570 1851 clerici,

313 1876 375 1941 suit
406 1877 501 1961 nobis
538 1877 709 1941 humiliter
738 1878 963 1961 supplicatum
994 1888 1041 1955 ut,
1070 1899 1146 1942 cum
1179 1878 1277 1957 idem,
1307 1880 1363 1961 qui
1394 1877 1437 1942 de
1467 1876 1570 1941 nobili

312 2001 435 2064 genere
472 1992 673 2064 procreatus,
703 1982 887 2047 litterature
916 1983 1141 2065 competentis
1171 1984 1296 2060 existit,
1326 1981 1476 2046 nondum
1507 1982 1570 2046 nisi

313 2084 484 2168 quoddam
522 2084 612 2149 exile
648 2084 847 2150 beneficium
877 2086 921 2150 de
950 2108 1026 2169 qu0,
1056 2108 1132 2150 cum
1163 2087 1352 2171 quindecim
1385 2106 1570 2150 marcarum

313 2190 442 2272 argenti
465 2189 654 2267 valentiam,
676 2191 763 2254 sicut
784 2190 875 2267 dicit,
898 2192 994 2254 annis
1018 2191 1157 2274 singulis
1180 2212 1247 2256 non
1270 2192 1424 2270 excedat,
1448 2211 1571 2274 nequa·

313 2314 413 2376 quam
453 2304 564 2376 potest
605 2293 783 2357 commode
820 2296 998 2359 sustentari
1031 2296 1176 2379 potuerit
1213 2296 1372 2372 obtinere,
1406 2306 1443 2359 ut
1480 2293 1570 2359 aliud

313 2397 439 2462 habens
469 2419 582 2461 curam
608 2399 794 2461 animarum
818 2419 989 2462 annexam
1020 2420 1095 2463 cum
1126 2399 1246 2464 eodem
1278 2400 1423 2483 recipere
1453 2397 1571 2474 valeat,

311 2502 494 2566 concedere
524 2502 586 2565 sibi
613 2501 782 2565 licentiam
811 2502 1068 2568 misericorditer
1095 2504 1316 2586 dignaremur.
1363 2504 1444 2582 NoS,
1471 2504 1571 2587 igitur

312 2607 397 2670 sicut
420 2608 585 2683 convenit,
601 2605 814 2670 attendentes
832 2606 932 2688 quod,
948 2608 1133 2671 secundum
1153 2607 1317 2690 generalis
1340 2618 1468 2673 statuta
1482 2607 1570 2673 Con-

311 2710 386 2787 cilii,
416 2730 492 2773 cum
531 2710 669 2774 literatis
699 2721 734 2773 et
764 2709 933 2774 nobilibus
970 2711 1077 2794 possit
1107 2732 1166 2795 per
1196 2712 1310 2776 sedem
1349 2712 1569 2795 apostolicam

311 2816 506 2898 dispensari,
528 2814 726 2879 fraternitati
749 2824 806 2879 tue
829 2835 889 2898 per
910 2816 1095 2898 apostolica
1119 2816 1242 2899 scripta
1266 2818 1466 2881 mandamus
1490 2836 1570 2898 qua-

312 2921 410 2997 tinus,
426 2919 454 2982 si
478 2918 646 3001 premissis
669 2918 792 2981 veritas
814 2917 1024 3001 suffragatur,
1044 2920 1154 2983 eidem
1180 2930 1217 2985 ut
1240 2930 1350 3003 preter
1373 2920 1464 2998 illud,
1480 2917 1569 3002 quod

313 3042 400 3086 nunc
416 3022 567 3105 optinere
582 3020 775 3098 dinoscitur,
787 3021 878 3085 aliud
895 3021 1093 3086 beneficium
1110 3044 1223 3087 curam
1240 3023 1367 3087 habens
1383 3024 1569 3086 animarum

312 3144 492 3201 annexam,
507 3125 535 3187 si
550 3125 580 3188 ei
596 3126 756 3187 canonice
771 3123 938 3203 offeratur,
953 3126 1192 3190 constitutione
1208 3126 1327 3209 prefati
1345 3126 1485 3191 Concilii
1503 3146 1569 3190 non

312 3231 477 3307 obstante,
504 3230 648 3313 recipere
678 3229 780 3294 libere
810 3232 920 3295 valeat
950 3240 983 3294 et
1022 3232 1162 3295 retinere
1199 3231 1337 3295 licenter
1373 3230 1571 3294 auctoritate

313 3343 427 3398 nostra
441 3333 614 3397 concedas.
661 3332 788 3396 Datum
807 3334 973 3411 Laterani,
989 3334 1049 3417 xiij
1072 3334 1232 3399 kalendas
1254 3335 1336 3398 Maii
1356 3334 1571 3417 pontificatus

312 3438 416 3501 nostri
446 3457 536 3501 anno
566 3436 711 3500 octavo.’'
768 3436 854 3502 Cum
885 3438 986 3521 igitur
1015 3438 1058 3502 de
1085 3438 1255 3522 premissis
1280 3437 1376 3501 nobis
1408 3438 1571 3521 legittime

312 3541 507 3619 constiterit,
530 3541 727 3605 auctoritate
751 3540 900 3605 mandati
924 3543 1115 3626 supradicti,
1134 3542 1368 3626 dispensamus
1394 3563 1471 3605 cum
1499 3564 1571 3626 pre·

312 3646 404 3709 dicto
427 3646 561 3728 Rogero
585 3656 630 3722 ut,
647 3656 756 3727 preter
779 3645 859 3709 illud
880 3646 971 3729 quod
996 3667 1084 3711 nunc
1107 3647 1258 3711 obtinere
1273 3645 1458 3710 dinoscitur
1480 3645 1570 3709 aliud

313 3748 510 3814 beneficium
527 3770 640 3813 curam
658 3749 785 3813 habens
805 3750 993 3813 animarum
1014 3771 1194 3828 annexam,
1209 3752 1237 3813 si
1254 3750 1283 3813 ei
1299 3750 1460 3813 canonice
1475 3748 1570 3813 offer·

313 3866 397 3931 atur,
408 3855 647 3919 constitutione
660 3854 800 3919 Concilii
816 3856 980 3938 generalis
996 3876 1063 3920 non
1079 3857 1235 3920 obstante
1252 3856 1396 3938 recipere
1412 3854 1522 3918 valeat
1536 3864 1571 3917 et

312 3961 450 4023 licenter
473 3959 621 4023 retinere.
669 3959 796 4023 Datum
818 3959 995 4023 Londonie
1019 3980 1077 4042 per
1100 3980 1236 4023 manum
1262 3958 1395 4034 Emisii,
1416 3977 1569 4041 procura-

311 4062 391 4127 toris
407 4062 632 4140 Cicestrensis,
647 4064 765 4145 quinto
781 4062 913 4127 decimo
930 4062 1090 4127 kalendas
1106 4064 1185 4146 Julii
1202 4084 1291 4127 anno
1306 4062 1436 4126 eodem.

312 4336 417 4402 [Later
426 4336 508 4403 from
526 4335 572 4389 tlre
588 4350 665 4387 same
680 4335 757 4402 Pape
775 4340 802 4389 to
820 4340 913 4402 (name
928 4336 980 4404 lest
991 4336 1086 4402 blank)
1104 4336 1211 4403 Bislrcp
1227 4336 1263 4403 os
1274 4336 1397 4399 Lr'rrcolrr,
1409 4335 1535 4404 deneng
1552 4350 1570 4387 a

377 4417 494 4485 benefice
503 4422 531 4470 to
540 4416 572 4469 be
583 4416 728 4483 conferrrd
737 4433 773 4470 on
786 4417 826 4480 R,
839 4423 928 4471 rector
938 4418 974 4485 os
982 4418 1152 4487 oddington,
1167 4417 1267 4483 Oxou]

401 4528 581 4611 Gregorius
608 4529 806 4612 Episcopus,
830 4550 943 4593 servus
970 4550 1139 4593 servorum
1169 4528 1242 4606 Dei,
1268 4528 1447 4592 venerabili
1475 4528 1566 4591 fratri

313 4632 450 4716 [blank]‚
479 4634 649 4716 Episcopo
681 4634 916 4712 Lincolniensi,
942 4634 1084 4698 salutem
1110 4644 1144 4697 et
1169 4631 1388 4715 apostolicam
1414 4632 1567 4696 benedic-

313 4738 448 4801 tionem.
494 4737 646 4800 Dilectus
681 4736 767 4801 filius
807 4738 856 4816 R.,
885 4748 992 4802 rector
1029 4737 1167 4801 ecclesie
1203 4736 1246 4801 de
1284 4734 1482 4800 Ottendune
1513 4746 1568 4799 tue

314 4841 464 4918 diocesis,
484 4841 580 4903 nobis
600 4843 758 4924 exposuit
774 4841 864 4924 quod
885 4862 962 4904 cum
983 4843 1026 4905 sit
1045 4841 1087 4904 de
1107 4840 1274 4903 nobilibus
1294 4848 1386 4903 onus
1402 4840 1568 4903 natalibus

314 4953 348 5007 et
378 4954 448 5008 tam
480 4944 512 5006 in
544 4944 735 5007 liberalibus
765 4945 891 5009 artibus
922 4966 1022 5028 quam
1054 4946 1086 5008 in
1115 4944 1189 5025 jure
1218 4943 1306 5007 civili
1336 4962 1404 5006 non
1436 4943 1567 5006 modico

314 5057 466 5129 tempore
491 5046 662 5110 desudarit
694 5048 843 5112 nondum
870 5058 984 5112 tamen
1012 5058 1207 5131 competens
1229 5058 1281 5112 est
1307 5046 1566 5112 ecclesiasticum
