3609 5642
317 533 382 601 142
655 509 793 582 Rotulz'
816 508 992 605 Hugonis
1017 507 1061 580 de
1095 507 1228 580 Welles

311 747 586 830 Norbamptonie,
608 756 643 811 et
667 747 806 829 receptis
830 746 947 810 litteris
979 746 1216 810 Archidiaconi
1246 745 1450 809 Conventrie
1478 745 1573 809 testi-

310 850 510 913 monialibus
540 871 640 933 super
662 851 803 914 honesta
825 851 1077 913 conversatione
1107 849 1188 913 dicti
1215 848 1388 931 capellani,
1412 869 1573 930 perque,

309 963 380 1029 etc,
395 952 438 1016 ad
453 953 595 1017 eandem
611 952 777 1017 admissus
792 963 852 1030 est,
867 963 929 1016 etc.
976 952 1022 1016 Et
1038 953 1234 1015 mandatum
1250 963 1302 1016 est
1317 951 1409 1015 dicto
1425 951 1571 1015 Officiali

310 1066 355 1134 ut,
371 1067 431 1120 etc.

376 1302 473 1370 [Mem.
489 1303 526 1368 6ι]

309 1426 416 1491 [Adam
427 1427 461 1478 de
471 1426 624 1495 Bereweby,
632 1426 771 1495 chaplae'n,
777 1425 964 1495 presentedby
974 1427 1020 1480 tlte
1029 1426 1181 1479 Pn'orand
1191 1426 1357 1493 Conventof
1362 1425 1402 1479 St
1413 1425 1569 1488 Andrew's,

376 1509 589 1577 muhammat»,
601 1511 626 1562 is
637 1508 781 1562 instituted
789 1513 817 1561 to
827 1509 873 1561 tlte
883 1509 984 1576 cleope!
992 1510 1027 1578 os
1033 1508 1208 1576 StucltbueyJ

343 1705 344 1708 ,
399 1652 818 1718 &munitat-Adam
841 1652 884 1716 de
909 1652 1098 1732 Bereweby‚
1119 1651 1344 1735 cappellanus,
1360 1664 1574 1736 presentatus

312 1777 371 1838 per
402 1757 548 1820 Priorem
585 1765 620 1820 et
657 1766 858 1819 conventum
898 1754 1013 1820 Sancti
1053 1754 1190 1819 Andree
1221 1756 1491 1838 Norhamptonie
1529 1759 1573 1821 ad

311 1856 497 1940 cappellam
521 1857 564 1920 de
587 1856 897 1938 Stuttebyri‚'facta
920 1857 1012 1938 prius
1037 1856 1252 1938 inquisitione
1282 1877 1341 1939 per
1372 1858 1421 1933 R.,
1453 1858 1575 1922 Archi-

311 1961 490 2024 diaconum
509 1961 785 2043 Norbamptonie,
801 1981 859 2042 per
881 1980 992 2042 quam,
1007 1969 1078 2036 etc,
1094 1960 1137 2023 ad
1160 1959 1302 2023 eandem
1327 1958 1495 2024 admissus
1513 1972 1575 2039 est,

311 2072 346 2127 et
362 2064 395 2126 in
411 2085 452 2127 ea
466 2065 625 2127 canonice
641 2085 717 2127 curn
733 2084 833 2126 onere
848 2073 883 2126 et
902 2083 989 2145 pena
1005 2063 1201 2126 vicariorum
1226 2084 1368 2146 persona
1391 2066 1575 2129 institutus.

313 2167 357 2230 Et
374 2167 570 2232 mandatum
586 2177 637 2231 est
652 2167 743 2231 dicto
760 2166 1007 2230 Archidiacono
1023 2177 1068 2244 ut,
1082 2175 1144 2229 etc.

312 2558 466 2628 [Robeetde
478 2557 652 2625 Dagenhale,
663 2558 832 2621 sub-deacon,
844 2557 995 2626 presented
1007 2556 1041 2624 by
1059 2555 1159 2610 Robert
1172 2556 1206 2609 de
1221 2555 1326 2618 Essebc‘
1344 2558 1371 2610 ts
1387 2558 1535 2612 instituted
1548 2565 1578 2613 to

378 2640 424 2694 tlte
434 2639 536 2694 church
546 2641 583 2708 of
592 2640 727 2708 Tkomby.
773 2641 818 2693 He
829 2641 853 2692 ts
865 2645 891 2692 to
909 2638 1007 2691 attend
1015 2639 1060 2690 tlte
1076 2638 1182 2691 schools
1200 2638 1262 2690 and
1274 2641 1389 2706 premnt
1398 2639 1580 2709 kinuelfsor

378 2723 572 2774 examinatiore.
607 2722 634 2775 A
647 2723 777 2790 vicarage
788 2723 813 2774 is
823 2720 953 2774 reservet
961 2725 988 2773 to
1002 2720 1150 2783 Thurstan,
1163 2720 1209 2772 the
1225 2719 1378 2788 chaplae'rr]
1433 2759 1437 2769 ,

401 2863 841 2928 THURNEBv.-Robertus
871 2864 914 2927 de
946 2863 1152 2946 Dagenhale,
1178 2863 1412 2942 subdiaconus
1442 2888 1577 2950 presen-

314 2978 404 3033 tatus
429 2988 487 3050 per
511 2967 695 3031 Robertum
720 2967 763 3029 de
788 2966 906 3030 Essebi
930 2965 973 3029 ad
996 2965 1171 3029 ecclesiam
1197 2965 1240 3029 de
1265 2966 1459 3051 Thumeby,
1487 2969 1577 3034 iacta

316 3073 406 3157 prius
429 3073 643 3155 inquisitione
669 3093 727 3154 per
751 3072 800 3148 R„
823 3071 1009 3135 Officialem
1035 3069 1272 3134 Archidiaconi
1298 3073 1578 3156 Norbamptonie,

316 3197 374 3260 per
389 3196 500 3259 quam,
515 3186 586 3251 etc,
603 3175 645 3239 ad
669 3175 811 3238 eandem
832 3175 998 3239 admissus
1013 3186 1064 3237 est
1082 3197 1090 3252 ;
1113 3175 1206 3238 salva
1225 3175 1426 3253 Thurstano,
1442 3179 1577 3260 cappel-

316 3281 402 3355 lan0‚
418 3280 540 3343 vicaria
556 3300 617 3343 sua
632 3300 733 3361 quam
751 3279 853 3343 habet
876 3280 909 3342 in
925 3279 1053 3356 eadem,
1069 3279 1125 3361 qui
1144 3288 1251 3342 totam
1276 3279 1367 3343 illam
1390 3282 1578 3358 ecclesiam,

314 3393 385 3460 etc,
401 3394 437 3447 ut
452 3404 552 3466 supra
568 3383 600 3445 in
618 3383 826 3445 institutione
842 3381 992 3463 ejusdem
1009 3402 1098 3445 anno
1113 3383 1277 3466 proximo.
1325 3383 1370 3446 Et
1386 3383 1576 3466 injunctum

314 3497 366 3552 est
385 3487 476 3550 dicto
500 3485 644 3551 Officiali
666 3495 711 3562 ut,
727 3497 788 3549 etc.
838 3485 1028 3567 injunctum
1052 3496 1104 3548 est
1126 3487 1227 3548 etiam
1248 3485 1339 3550 dicto
1364 3487 1514 3552 Roberto
1534 3488 1578 3552 de

317 3589 523 3670 Dagenhale,
539 3589 601 3652 sub
616 3609 704 3671 pena
720 3587 870 3651 beneficii
882 3587 934 3650 sui
951 3587 1138 3664 amittendi,
1154 3587 1243 3670 quod
1260 3589 1368 3651 scolas
1379 3589 1578 3672 frequentet,

314 3701 349 3756 et
373 3701 450 3774 post
478 3691 607 3774 lapsum
637 3690 715 3753 anni
737 3711 836 3773 super
856 3689 1005 3773 profectu
1031 3710 1092 3751 suo
1118 3690 1151 3753 in
1171 3691 1269 3753 scolis
1289 3711 1401 3754 coram
1430 3691 1577 3758 Officiali

315 3804 509 3878 compareat
523 3792 777 3858 examinandus.

315 4103 456 4171 [Geoffrey
477 4101 512 4154 de
533 4100 766 4168 Norbamptonie,
786 4099 956 4160 sub-dem,
971 4100 1120 4167 presented
1135 4099 1169 4168 by
1183 4100 1215 4167 J.
1232 4101 1266 4154 de
1276 4100 1371 4171 Lascy,
1386 4103 1532 4157 constable
1547 4107 1585 4174 of

383 4183 499 4243 chester,
507 4183 533 4236 is
544 4181 690 4235 instituted
698 4187 725 4235 to
737 4181 782 4234 tlte
793 4181 892 4234 church
905 4183 942 4249 os
947 4181 1076 4249 Naseby.]

405 4325 805 4391 NAVESBv.-Galfridus
829 4326 872 4388 de
894 4325 1170 4408 Norhamptonia,
1190 4326 1424 4406 subdiaconus,
1443 4349 1579 4412 presen-

316 4442 406 4497 tatus
430 4430 658 4513 pernobilem
682 4429 789 4492 virum
813 4429 841 4512 J.
862 4430 905 4492 de
921 4429 1040 4510 Lascy,
1059 4429 1342 4493 constabularium
1370 4431 1509 4510 cestrie,
1533 4435 1579 4498 ad

316 4535 491 4601 ecclesiam
514 4533 558 4596 de
582 4532 749 4615 Navesby‚
770 4533 858 4596 sacta
881 4534 972 4614 prius
995 4533 1209 4614 inquisitione
1236 4554 1295 4616 per
1318 4533 1367 4610 R,
1388 4534 1579 4601 Officialem

318 4637 556 4704 Archidiaconi
580 4636 853 4718 Norbamptonie,
877 4656 937 4718 per
958 4655 1069 4718 quam,
1084 4646 1155 4712 etc,
1177 4634 1219 4697 ad
1244 4636 1386 4700 eandem
1411 4640 1580 4705 admissus
1634 4650 1641 4660 ⁴

317 4754 377 4820 est,
392 4752 469 4817 etc.;
486 4741 585 4804 salvis
601 4740 764 4802 decessori
781 4761 844 4802 suo
860 4739 1020 4802 fructibus
1036 4738 1145 4821 ipsum
1159 4738 1260 4820 juxta
1271 4743 1580 4825 crucesignatorum

319 4846 527 4931 privilegium
563 4843 842 4927 contingentibus.
909 4842 954 4905 Et
992 4841 1178 4924 injunctum
1208 4853 1260 4906 est
1302 4843 1395 4908 dicto
1433 4845 1581 4912 Officiali

310 4949 463 5034 presenti
475 4957 520 5026 ut,
536 4956 597 5011 etc.
