3609 5642
652 515 831 611 Epz'scopz'
853 513 1139 588 Le'ncolm'ensis.
1369 613 1373 622 Ι
1499 530 1519 605 7

262 751 366 820 [Eleius.
372 752 527 821 physicum,
534 752 683 820 presented
690 752 723 819 by
734 751 809 820 Rals
815 767 865 804 son
876 752 912 820 of
918 751 1023 814 Robert,
1034 751 1060 803 is
1071 751 1216 804 instituted
1219 755 1326 820 parson
1338 750 1502 820 ofArdley.]

352 879 820 982 ERDOLVESLE.-Magister
845 897 1011 980 Hel[ias],
1039 897 1193 980 phisicus,
1222 907 1430 978 presentatus
1461 917 1519 978 per

265 1001 448 1066 Radulfum
472 1003 576 1066 filium
603 1004 740 1067 Roberti
765 1004 806 1067 ad
831 1003 1003 1068 ecclesiam
1029 1002 1072 1066 de
1097 1001 1301 1074 Erdolvesle,
1318 999 1406 1064 facta
1428 1003 1519 1085 prius

264 1105 478 1186 inquisitione
511 1129 570 1190 per
598 1107 790 1184 Radulfum,
816 1107 1003 1172 Officialem
1037 1105 1274 1169 Archidiaconi
1301 1104 1422 1181 Oxon’,
1448 1118 1520 1182 etc,

263 1217 429 1281 admissus
459 1228 511 1282 est
545 1233 578 1283 et
613 1241 755 1302 persona
791 1221 971 1284 institutus
1023 1219 1068 1281 Et
1106 1217 1303 1280 mandatum
1341 1226 1392 1280 est
1429 1216 1520 1281 dicto

265 1320 495 1399 Officiali,etc.
542 1323 637 1387 Idem
662 1335 774 1387 autem
800 1324 958 1406 magister
976 1321 1128 1404 Hel[ias]
1158 1321 1256 1384 saciet
1279 1320 1375 1383 nobis
1398 1321 1520 1384 habere

264 1424 391 1490 litteras
408 1427 673 1508 presentationis.

356 1578 425 1662 [On
441 1579 494 1643 tte
513 1579 605 1644 dorse
618 1580 687 1664 .·—]

352 1717 493 1784 Auuus
530 1732 787 1794 nuooscnuus
818 1717 1158 1801 mont-Magister
1190 1716 1327 1799 Helyas,
1362 1717 1519 1800 phisicus,

264 1832 474 1903 presentatus
519 1843 578 1904 per
624 1821 805 1885 Radulfum
842 1821 948 1885 filium
989 1822 1127 1885 Roberti
1173 1820 1216 1883 ad
1258 1821 1432 1884 ecclesiam
1476 1820 1520 1884 de

265 1925 474 2003 Ardolvesle,
504 1927 691 1991 custodiam
724 1927 876 2008 ejusdem
903 1927 1043 1991 ecclesie
1081 1935 1132 1990 est
1162 1925 1304 2008 adeptus
1335 1946 1439 2007 usque
1473 1925 1515 1989 ad

264 2029 438 2111 proximos
468 2030 601 2094 ordines
639 2030 857 2094 celebrandos
894 2040 973 2094 ante
1012 2031 1143 2106 Natale,
1176 2049 1265 2092 anno
1303 2028 1517 2111 pontificatus

262 2131 390 2220 domini
416 2133 575 2216 Episcopi
597 2135 666 2206 xii0.
683 2145 720 2196 ut
743 2145 822 2197 tunc
846 2136 959 2197 veniat
982 2135 1014 2196 in
1038 2133 1281 2197 subdiaconum
1305 2132 1518 2196 ordinandus.

265 2237 311 2299 Et
327 2237 458 2320 scripsit
470 2237 627 2301 dominus
644 2238 833 2322 Episcopus
849 2238 988 2302 domino
1000 2238 1224 2321 Wigomiensi
1241 2249 1278 2300 ut
1294 2238 1424 2301 interim
1441 2257 1517 2300 cum

263 2342 405 2406 voluerit
430 2343 539 2425 ipsum
567 2343 698 2406 ordinet
726 2344 759 2405 in
790 2343 958 2406 acolitum.
1006 2344 1127 2407 Postea
1157 2342 1246 2406 idem
1274 2344 1433 2426 magister
1467 2342 1520 2419 H.,

262 2445 399 2509 veniens
430 2445 519 2528 apud
552 2445 765 2529 Buggedene,
795 2446 968 2510 ordinatus
1005 2457 1057 2509 est
1087 2445 1211 2509 ibidem
1243 2447 1276 2509 in
1307 2446 1466 2508 acolitum
1498 2465 1518 2508 a

263 2548 402 2612 domino
419 2548 597 2631 Episcopo.
645 2550 690 2612 Et
706 2549 902 2613 mandatum
919 2559 971 2613 est
987 2549 1141 2625 Officiali,
1158 2549 1279 2613 Oxon'.

356 2736 499 2820 [Return
516 2747 547 2800 to
562 2737 614 2800 tlte
621 2738 698 2816 face
712 2739 753 2818 of
760 2738 813 2801 tlte
828 2738 892 2801 roll
901 2737 968 2820 :—]

263 2845 405 2914 [Wlltizm
417 2847 451 2900 de
460 2847 624 2909 Essebume,
637 2847 717 2900 vicar
724 2847 760 2914 os
769 2846 936 2915 Godt'nglon.
949 2846 1067 2901 collated
1076 2847 1108 2914 by
1120 2846 1164 2898 tlte
1176 2845 1284 2914 Bishop
1295 2846 1328 2915 by
1338 2847 1480 2915 arellam&
1490 2847 1527 2915 of

328 2928 373 2981 tlte
387 2929 506 2992 Counrr'l,
520 2930 544 2981 z's
555 2929 701 2981 instituted
704 2929 852 2998 parsonos
862 2929 1029 2997 Godington,
1038 2929 1099 2981 and
1107 2928 1152 2982 the
1160 2930 1291 2998 vicarage
1299 2928 1359 2980 ared
1359 2932 1521 2997 personage

328 3010 505 3079 arcuum]

352 3122 828 3186 Gonmroun-Willelmus
839 3123 881 3186 de
894 3123 1092 3197 Esseburne,
1102 3122 1154 3184 cui
1166 3121 1322 3184 dominus
1334 3121 1522 3205 Episcopus

264 3226 462 3289 auctoritate
494 3225 634 3289 Concilii
665 3227 808 3288 contulit
835 3236 1050 3308 personatum
1081 3225 1219 3289 ecclesie
1249 3224 1291 3288 de
1320 3225 1522 3302 Godintone‚

249 3307 505 3392 'consolidando
532 3339 746 3410 personatum
763 3331 892 3406 vicarie,
909 3328 1087 3393 cumidem
1105 3327 1156 3391 W.
1174 3329 1264 3411 prius
1280 3340 1369 3392 esset
1381 3329 1521 3392 vicarius

264 3431 415 3513 ejusdem
433 3433 580 3508 ecclesie,
597 3432 763 3495 admissus
779 3443 829 3496 est
845 3443 878 3496 et
895 3435 928 3495 in
945 3454 985 3496 ea
1001 3433 1160 3495 canonice
1177 3452 1318 3515 persona
1334 3432 1516 3507 institutus

265 3537 358 3600 salvo
374 3537 408 3598 in
432 3547 602 3619 posterum
624 3536 696 3617 jure
722 3535 989 3619 uniuscujusque,
1011 3550 1072 3601 etc.
1120 3538 1165 3599 Et
1189 3537 1385 3600 mandatum
1402 3546 1454 3600 est
1473 3538 1522 3613 R.,

267 3639 413 3704 Officiali
430 3638 678 3716 Archidiaconi‚
693 3651 754 3704 etc.

673 3838 805 3916 Oxou',
829 3839 969 3903 Arruns
992 3839 1111 3903 ΧΙΙΙιιι

265 3972 408 4041 [Geoffrey
418 3971 452 4025 a'e
463 3971 617 4033 Rudeham,
626 3972 705 4036 clerk,
717 3972 833 4025 collated
842 3973 874 4040 by
885 3973 930 4025 the
941 3972 1048 4040 Baskop
1059 3973 1092 4041 by
1100 3973 1145 4025 the
1155 3972 1294 4041 authen&
1302 3973 1338 4035 os
1344 3972 1390 4024 the
1400 3972 1520 4037 Counor'l,

330 4055 356 4106 is
365 4054 511 4107 instituted
515 4056 621 4121 parson
633 4055 669 4122 os
678 4054 860 4123 Checkenden.
894 4054 941 4106 He
956 4055 981 4106 is
997 4060 1025 4107 to
1040 4055 1138 4107 atteml
1151 4055 1196 4107 the
1211 4055 1322 4107 schools.
1362 4055 1416 4107 The
1427 4054 1522 4123 living

331 4137 391 4189 had
409 4137 474 4189 been
492 4141 595 4189 vacant
604 4135 661 4203 sor
678 4138 725 4188 six
746 4137 856 4189 months
872 4138 970 4204 owing
989 4142 1017 4189 to
1036 4153 1054 4189 a
1070 4137 1187 4189 lawsui!
1201 4137 1285 4189 abore!
1301 4136 1346 4188 rte
1362 4138 1522 4204 patronage

330 4219 447 4271 between
462 4217 588 4286 Geoffrey
600 4217 748 4270 Marmiun
759 4218 821 4270 and
829 4217 876 4270 tlte
884 4219 971 4271 Pn'or
979 4219 1015 4286 of
1030 4218 1185 4286 caventa]

356 4345 487 4418 OXON',
512 4344 1009 4410 CHAKENDENE.-Gallridus
1029 4345 1071 4409 de
1096 4345 1282 4421 Rudeham,
1306 4346 1452 4422 clericus,
1467 4346 1519 4408 cui

266 4449 423 4512 dominus
463 4449 651 4532 Episcopus
685 4449 883 4511 auctoritate
915 4449 1055 4512 Concilii
1086 4449 1227 4511 contulit
1264 4449 1438 4510 ecclesiam
1477 4448 1520 4511 de

268 4552 504 4629 Chakendene,
516 4553 608 4616 salvo
625 4554 656 4615 in
674 4563 844 4633 posterum
859 4551 933 4632 jure
948 4552 1217 4633 uniuscujusque,
1228 4562 1299 4626 etc,
1314 4571 1455 4633 persona
1469 4562 1521 4614 est

268 4658 440 4720 institutus
464 4659 496 4720 in
520 4657 660 4732 eadem;
685 4657 737 4718 cui
761 4657 823 4718 sub
847 4656 962 4719 debito
986 4657 1113 4739 prestiti
1136 4655 1315 4735 juramenti
1332 4654 1518 4736 injunctum

266 4771 318 4824 est
341 4771 378 4823 ut
401 4761 508 4824 scolas
530 4771 694 4834 exerceat,
711 4760 857 4842 alioquin
882 4760 1037 4823 dominus
1059 4760 1245 4842 Episcopus
1269 4759 1377 4840 ipsum
1401 4757 1518 4821 eadem

266 4864 405 4928 ecclesia
421 4864 454 4926 in
471 4865 677 4926 institutione
694 4884 754 4925 sua
771 4865 912 4945 privavit
929 4863 1009 4946 [siel.
1058 4863 1102 4925 Et
1120 4862 1316 4924 mandatum
1332 4872 1383 4924 est
1400 4861 1519 4924 Archi-

266 4967 410 5031 diacono
423 4967 544 5042 Oxon¹,
556 4978 616 5031 etc.
657 4967 733 5028 Fuit
750 4979 862 5030 autem
880 4969 1051 5030 contentio
1067 4988 1165 5048 super
1182 4976 1358 5048 patronatu
1372 4964 1519 5046 predicte
