3609 5642
328 537 378 606 60
675 533 811 607 Rotulz'
826 533 1005 629 Hugonz's
1023 533 1066 606 de
1093 533 1225 606 Welles

327 775 510 859 Berkinges
534 775 576 838 ad
600 775 774 839 ecclesiam
797 776 840 840 de
864 775 1036 858 Slaptone,
1060 774 1147 837 sacta
1171 774 1260 856 prius
1283 773 1499 856 inquisitione
1521 795 1582 856 per

328 879 527 962 Magistrum
581 877 826 956 Theobaldum,
878 878 1066 944 Officialem
1120 877 1357 940 Archidiaconi
1411 877 1581 960 Bukinge-

325 981 514 1058 hamiensis,
543 992 614 1058 etc,
644 981 810 1046 admissus
840 992 891 1046 est
922 992 956 1046 et
986 982 1165 1045 institutus.
1212 982 1258 1044 Et
1296 981 1492 1045 mandatum
1530 992 1581 1045 est

324 1086 416 1150 dicto
433 1085 587 1163 Officiali,
602 1097 663 1151 etc.

324 1306 429 1375 [Ralplz
441 1307 474 1360 de
487 1307 623 1370 Norwico,
636 1306 714 1370 clerk,
722 1306 870 1374 presented
878 1305 912 1374 by
922 1306 968 1359 tlte
979 1306 1008 1358 K
1008 1306 1068 1374 ing.
1080 1305 1144 1359 who
1155 1306 1215 1358 had
1222 1306 1369 1360 recovered
1382 1306 1426 1359 tlte
1439 1310 1580 1374 presenta-

389 1390 447 1442 tion
458 1390 489 1440 in
500 1405 519 1441 a
530 1389 588 1441 suit
596 1390 713 1457 against
721 1389 766 1441 the
777 1389 865 1442 Pn'or
872 1389 934 1441 and
945 1388 1071 1441 Convent
1078 1390 1114 1456 of
1120 1389 1159 1442 St.
1171 1388 1351 1448 Fridesrmiie.
1363 1390 1389 1442 is
1399 1389 1545 1442 instituted
1553 1394 1580 1441 to

389 1471 434 1525 tlu
444 1470 545 1525 church
558 1471 594 1539 of
602 1469 726 1538 Oakley]

372 1692 374 1696 ι
412 1606 788 1671 Acme-Radulsus
807 1606 849 1669 de
871 1606 1034 1681 Norwic0,
1054 1607 1173 1669 clerico
1192 1606 1273 1689 [sic],
1290 1617 1501 1689 presentatus
1521 1627 1580 1689 per

312 1712 499 1775 'dominum
529 1712 656 1793 Regem
682 1711 725 1774 ad
752 1711 927 1774 ecclesiam
955 1710 997 1773 de
1023 1709 1107 1774 Acle
1138 1731 1213 1773 cum
1245 1711 1463 1793 pertinentiis,
1491 1710 1579 1774 lacta

323 1816 414 1897 prius
430 1815 643 1897 inquisitione
656 1834 715 1896 per
729 1814 928 1896 Magistrum
939 1813 1011 1890 Th,
1024 1812 1212 1878 Officialem
1227 1813 1578 1894 Bukinghamiensem,

324 1919 465 2002 receptis
502 1921 604 1982 etiam
643 1918 760 1982 litteris
790 1918 918 1982 domini
951 1919 1053 2000 Regis
1083 1918 1332 1982 continentibus
1362 1919 1452 2000 quod
1489 1919 1577 1982 idem

323 2023 479 2088 dominus
490 2023 567 2086 Rex
580 2023 613 2084 in
630 2023 721 2085 curia
736 2042 796 2084 sua
812 2021 1123 2103 coramjusticiariis
1139 2022 1229 2105 apud
1239 2022 1576 2086 Westmonasterium

322 2126 528 2208 recuperavit
545 2146 604 2209 per
616 2124 778 2207 judicium
795 2125 884 2188 curie
899 2145 958 2188 sue
975 2126 1256 2207 presentationem
1273 2146 1368 2188 suam
1382 2125 1425 2188 ad
1435 2126 1576 2189 eandem

321 2229 496 2293 ecclesiam
513 2251 626 2293 versus
643 2230 789 2293 Priorem
806 2242 840 2292 et
856 2238 1058 2292 conventum
1075 2239 1190 2292 sancte
1211 2229 1422 2306 Frideswide,
1437 2239 1472 2293 et
1486 2228 1578 2311 quod

322 2334 479 2398 dominus
497 2334 694 2416 Episcopus,
710 2353 776 2396 non
799 2333 955 2396 obstante
979 2333 1214 2397 reclamatione
1238 2333 1342 2416 ipsius
1359 2333 1490 2410 Primis,
1506 2353 1579 2415 per·

321 2457 438 2500 sonam
461 2437 616 2500 idoneam
637 2435 679 2499 ad
701 2437 983 2518 presentationem
1004 2457 1099 2499 suam
1120 2436 1286 2513 admittat,
1306 2457 1366 2518 per
1388 2457 1453 2518 que
1476 2457 1578 2520 nego-

321 2540 415 2616 tium,
430 2549 501 2616 etc,
516 2540 559 2603 ad
576 2539 718 2603 eandem
735 2540 909 2603 ecclesiam
925 2560 1001 2602 cum
1023 2540 1232 2622 pertinentiis
1248 2541 1316 2603 suis
1337 2539 1503 2603 admissus
1518 2550 1578 2616 est,

320 2653 392 2722 etc,
407 2653 441 2707 et
458 2643 655 2707 mandatum
671 2652 723 2707 est
738 2643 830 2707 dicto
847 2642 991 2707 Officiali
1007 2654 1053 2719 ut,
1065 2654 1125 2706 etc.

684 2969 824 3034 Aurius
856 2969 1217 3053 Quaerusnacruus.

321 3131 413 3200 [John
424 3129 457 3182 de
469 3129 593 3191 Homel',
607 3127 745 3195 chaplain,
749 3128 900 3194 presented
908 3129 942 3196 by
952 3129 998 3181 the
1008 3129 1097 3182 Abbot
1110 3129 1171 3181 aeid
1187 3129 1314 3182 Convcnt
1327 3131 1362 3199 of
1369 3129 1576 3196 Medmenham,

386 3216 410 3268 is
426 3213 573 3266 instituted
586 3218 613 3266 lo
630 3214 675 3267 tlte
690 3215 821 3281 vicarage
837 3214 873 3281 os
885 3211 1093 3272 Medmenham,
1104 3213 1194 3280 mwly
1207 3213 1344 3266 ordaincd
1357 3211 1447 3283 bythe
1462 3216 1577 3284 Br'sltop.

389 3298 415 3349 Τ
412 3296 446 3349 lte
457 3296 589 3364 vicarage
600 3296 625 3348 ir
634 3295 751 3364 seiont]

410 3439 893 3522 MEDMEHAME.—Johannes
909 3438 952 3502 de
970 3438 1109 3516 Hornel,
1124 3440 1350 3522 cappellanus,
1367 3453 1578 3524 presentatus

321 3566 380 3629 per
397 3543 566 3608 Abbatem
583 3554 618 3607 et
633 3555 836 3608 conventum
854 3541 896 3606 de
915 3542 1130 3607 Medmeham
1146 3543 1189 3606 ad
1207 3553 1403 3627 perpetuam
1420 3547 1576 3611 vicariam

319 3647 459 3712 ecclesie
497 3648 695 3730 paroehialis
732 3647 774 3710 de
814 3646 1060 3722 Medmehame,
1097 3646 1284 3710 ordinatam
1316 3648 1359 3711 de
1397 3669 1486 3712 novo
1519 3671 1577 3733 per

320 3752 495 3815 dominum
536 3751 751 3834 Episcopum,
789 3749 877 3814 facta
912 3750 1002 3832 prius
1040 3750 1253 3831 inquisitione
1291 3773 1350 3834 per
1388 3751 1575 3817 Officialem

322 3854 674 3937 Bukinghamiensem,
698 3875 757 3937 per
780 3873 891 3935 quam,
910 3861 982 3929 etc,
1006 3852 1171 3916 admissus
1198 3864 1258 3930 est,
1284 3865 1318 3918 et
1338 3857 1480 3919 vicarius
1505 3878 1576 3941 per-

321 3968 441 4041 petuus
467 3959 647 4034 institutus,
678 3977 753 4021 cum
785 3977 884 4021 onere
914 3967 949 4019 et
979 3976 1065 4038 pena
1095 3957 1300 4020 vicariorum.
1348 3958 1394 4021 Et
1424 3961 1576 4024 consistit

319 4062 410 4125 dicta
440 4061 561 4124 vicaria
593 4061 625 4123 in
656 4071 728 4123 toto
759 4059 921 4141 altaragio
951 4057 1101 4139 ejusdem
1132 4059 1270 4123 ecclesie
1300 4071 1334 4124 et
1369 4063 1402 4124 in
1437 4062 1576 4127 decimis

320 4165 496 4248 garbarum
522 4164 619 4226 unius
642 4162 720 4225 hide
743 4181 844 4243 quam
870 4160 1035 4224 Radulsus
1057 4161 1100 4224 de
1125 4162 1341 4227 Medmeham
1364 4175 1399 4228 et
1422 4175 1575 4230 tenentes

320 4267 369 4330 sui
386 4276 512 4342 tenent,
527 4276 561 4328 et
577 4265 610 4327 in
626 4264 765 4328 decimis
781 4262 920 4327 dimidie
935 4264 1062 4345 virgate
1077 4285 1178 4345 quam
1196 4265 1284 4329 idem
1304 4267 1467 4331 Radulsus
1484 4279 1575 4334 tenet

319 4371 361 4434 de
388 4380 475 4433 terra
495 4368 537 4431 de
558 4369 772 4445 Withemere,
792 4379 826 4430 et
846 4369 879 4429 in
899 4367 1038 4430 decimis
1057 4367 1196 4431 dimidie
1215 4369 1343 4451 virgate
1362 4391 1464 4453 quam
1485 4373 1573 4436 idem

321 4471 485 4536 Radulsus
501 4481 594 4534 tenet
609 4471 651 4534 de
669 4469 803 4534 Abbate
819 4470 861 4533 de
884 4469 1109 4545 Medmeham,
1125 4483 1159 4533 et
1180 4482 1318 4534 vocatur
1343 4473 1525 4553 Mullonde,
1541 4485 1575 4540 et

318 4577 351 4639 in
373 4576 511 4639 decimis
533 4575 630 4638 unius
653 4575 780 4655 virgate
803 4595 904 4656 quam
928 4574 1099 4656 Johannes
1122 4585 1156 4637 et
1179 4575 1328 4639 Thomas
1352 4575 1394 4639 de
1419 4577 1574 4654 Radele,

319 4677 471 4740 homines
494 4674 638 4739 Abbatis
659 4674 701 4737 de
725 4674 950 4750 Medmeham,
972 4681 1097 4750 tenent,
1120 4685 1154 4737 et
1174 4673 1313 4739 dimidie
1334 4697 1408 4739 acre
1432 4679 1518 4760 prati
1540 4679 1573 4741 in

319 4779 546 4854 Cherlemede,
562 4778 745 4841 secundum
767 4777 857 4859 quod
879 4776 946 4839 fors
967 4777 1106 4859 singulis
1126 4779 1221 4840 annis
1242 4779 1384 4841 eandem
1406 4781 1573 4863 optulerit,

318 4885 401 4947 etin
418 4883 548 4946 duabus
570 4883 654 4944 acris
670 4895 756 4945 terre
777 4881 927 4944 arrabilis
946 4903 1021 4944 cum
1045 4901 1112 4944 uno
1129 4902 1245 4944 manso
1261 4895 1481 4966 competente.
1530 4887 1574 4948 Et

319 4987 515 5050 mandatum
532 4997 583 5048 est
599 4985 690 5048 dicto
708 4983 859 5059 Officiali,
875 4995 938 5048 etc.
