3609 5642
335 527 402 578 120
681 504 816 578 Rutuli
830 503 1006 603 Hugonzs
1032 504 1076 577 de
1103 504 1234 578 Welles

416 743 485 826 [On
501 743 553 806 tlte
567 745 659 806 dorse
669 743 739 827 .·-]

330 878 471 946 [Diouisia
482 877 533 930 de.
553 917 559 928 .
578 918 583 929 .
602 917 607 928 .
624 880 649 929 is
659 877 810 946 appointed
818 878 944 930 Prioress
955 878 990 946 os
1000 878 1167 947 Worttrorp]

418 980 570 1043 Diouisia
608 979 651 1043 de
685 979 761 1062 C0l[
783 1029 790 1043 .
814 1030 820 1042 .
844 1031 850 1043 .
874 980 932 1063 ]ll,¹
967 982 1229 1044 sanctimonialis
1264 981 1380 1047 Sancti
1412 981 1585 1045 Michaelis

331 1084 600 1160 StansordiensiS,
616 1083 783 1166 postulata
804 1085 837 1146 in
862 1085 1051 1166 priorissam
1072 1085 1116 1149 de
1132 1086 1324 1167 Wridtorpe
1346 1107 1404 1168 per
1425 1085 1585 1149 moniales

330 1189 479 1272 ejusdem
508 1187 637 1264 domuS,
657 1198 691 1251 et
717 1187 759 1251 de
786 1188 947 1251 mandato
973 1188 1100 1252 domini
1127 1189 1285 1272 Episcopi
1313 1191 1356 1253 ab
1382 1189 1585 1272 obligatione

330 1293 520 1356 obedientie
535 1312 635 1374 quam
652 1292 741 1354 dicte
759 1291 874 1354 domui
895 1292 1009 1356 Sancti
1033 1292 1207 1356 Michaelis
1227 1293 1404 1357 tenebatur
1424 1292 1585 1369 absoluta,

329 1406 362 1459 et
378 1397 425 1458 sic
440 1396 576 1459 demum
594 1416 652 1478 per
667 1394 773 1457 dictas
793 1395 953 1458 moniales
974 1396 1016 1459 de
1032 1369 1444 1480 Wridtorpe'unanimiter
1458 1407 1493 1460 et
1508 1417 1585 1459 con-

330 1499 472 1563 corditer
488 1501 521 1562 in
540 1500 732 1562 Priorissam
751 1499 865 1575 electa,
882 1498 970 1561 sacta
989 1500 1079 1581 prius
1095 1501 1308 1582 inquisitione
1328 1521 1386 1583 per
1402 1501 1451 1576 R.,
1468 1500 1585 1563 Archi-

329 1604 506 1686 diaconum
529 1603 709 1680 Lincolnie,
730 1602 917 1668 Officialem
943 1603 1070 1666 domini
1092 1605 1260 1687 Episcopi,
1278 1614 1313 1669 et
1334 1605 1586 1668 examinatione

305 1707 306 1711 ’
328 1710 489 1791 diligenti,
505 1728 678 1791 perquam
698 1709 869 1791 negotium
889 1708 951 1770 fuit
973 1709 1006 1770 in
1026 1708 1198 1791 expedito,
1215 1731 1273 1792 per
1292 1709 1418 1772 litteras
1433 1708 1584 1790 ejusdem

329 1813 574 1890 Archidiaconi,
599 1813 716 1876 seriem
748 1813 872 1894 negotii
907 1813 1126 1890 continentes,
1151 1814 1289 1877 domino
1313 1813 1484 1896 Episcopo
1515 1833 1585 1896 pre-

327 1927 458 1980 sentata
483 1917 552 1992 fuit,
567 1917 623 1998 qui
643 1915 778 1997 quidem
798 1917 923 1978 dictam
947 1916 1144 1979 electionem
1169 1919 1364 1981 canonicam
1389 1918 1587 1981 auctoritate

328 2020 537 2084 confirmavit
567 2019 758 2102 episcopali,
781 2039 893 2082 curam
921 2020 951 2081 ei
976 2030 1010 2081 et
1036 2020 1223 2083 custodiam
1252 2021 1284 2083 in
1316 2021 1527 2083 interioribus
1553 2030 1586 2084 et

328 2124 549 2190 exterioribus
580 2123 735 2186 omnibus
768 2122 910 2185 eandem
945 2122 1084 2186 domum
1120 2124 1392 2206 contingentibus
1426 2136 1586 2206 tanquam

329 2231 481 2312 priorisse
500 2227 748 2290 committendo
796 2226 842 2290 Et
864 2225 1060 2288 mandatum
1076 2238 1127 2289 est
1148 2227 1366 2309 subpriorisse
1381 2237 1414 2291 et
1437 2228 1587 2291 moniali-

328 2335 390 2398 bus
421 2333 544 2396 ibidem
568 2342 605 2395 ut
636 2332 681 2394 illi
712 2331 865 2394 decetero
889 2333 955 2394 sint
987 2331 1198 2395 intendentes
1225 2341 1259 2396 et
1289 2332 1491 2396 obedientes.
1543 2334 1587 2396 Et

329 2437 524 2501 mandatum
556 2446 606 2499 est
632 2435 878 2499 Archidiacono
910 2436 1178 2518 Norbamptonie
1204 2446 1250 2514 ut,
1269 2448 1330 2499 etc.
1380 2437 1471 2501 Acta
1497 2437 1586 2519 apud

330 2540 598 2604 Dorkecestriam
633 2548 752 2620 quarto
777 2539 949 2603 Kalendas
975 2540 1065 2622 Junii
1096 2560 1185 2603 anno
1216 2540 1429 2623 pontificatus
1458 2539 1587 2603 domini

329 2645 488 2728 Episcopi
504 2644 762 2726 quintodecimo.

524 2905 882 2968 Nonnmuurourn:
908 2903 1049 2968 Annus
1072 2918 1390 2969 sexsusnucruus.

326 3041 431 3110 [Rolplt
450 3040 483 3093 de
500 3041 671 3100 Silvanectis,
684 3038 854 3100 subdiacon,
866 3040 891 3090 is
906 3039 1053 3092 instituted
1060 3044 1087 3091 to
1099 3039 1144 3091 tiu
1155 3039 1255 3092 churclr
1267 3039 1303 3107 of
1314 3039 1441 3100 Marcott,
1454 3041 1586 3104 Rutland,

391 3139 427 3175 on
436 3123 481 3174 the
486 3121 676 3188 presentationi
687 3121 722 3189 os
728 3121 826 3172 Simon
837 3120 870 3172 de
878 3120 1052 3182 Silvanectis,
1062 3120 1199 3188 byrcason
1207 3122 1243 3190 os
1248 3121 1294 3173 tlte
1304 3121 1414 3189 custody
1421 3122 1457 3189 of
1463 3121 1509 3174 llic
1519 3122 1591 3174 land

390 3204 451 3257 and
460 3205 523 3257 heir
532 3204 568 3271 of
574 3204 700 3257 Richard
708 3203 898 3271 Balistan'us.]

415 3315 821 3380 MORCOTA,-Radulfus
855 3314 897 3377 de
929 3313 1166 3397 Silvanect[is],
1192 3315 1424 3391 subdiaconus,
1454 3335 1587 3397 presen-

325 3432 414 3484 tatus
431 3441 489 3502 per
502 3420 674 3484 Simonem
690 3420 732 3482 de
745 3418 981 3501 Silvanect[is],
992 3419 1119 3482 ratione
1134 3420 1285 3483 custodie
1301 3429 1385 3482 terre
1400 3429 1434 3482 et
1457 3419 1588 3484 heredis

328 3523 461 3587 Ricardi
480 3524 655 3600 Balistarii,
671 3522 712 3585 ad
730 3522 903 3585 ecclesiam
920 3522 962 3585 de
980 3523 1142 3599 Morcota,
1162 3522 1249 3586 facta
1265 3523 1355 3605 prius
1372 3523 1587 3604 inquisitione

327 3649 385 3711 per
402 3628 451 3704 R.,
468 3627 752 3690 Archidiaconum
771 3625 801 3688 N
805 3625 1046 3708 orhamptonie,
1063 3648 1121 3708 per
1140 3647 1250 3708 quam,
1265 3637 1336 3703 etc,
1352 3627 1520 3690 admissus
1536 3638 1588 3691 est

327 3741 361 3795 et
385 3732 418 3794 in
441 3751 481 3793 ea
504 3731 664 3793 canonice
688 3749 830 3812 persona
853 3730 1033 3793 institutus.
1084 3730 1129 3792 Et
1157 3729 1342 3810 injunctum
1369 3739 1422 3793 est
1442 3731 1587 3796 Officiali

328 3835 472 3918 presenti
489 3844 535 3912 ut,
550 3843 611 3898 etc.

326 4092 458 4162 [Emala'.
471 4091 608 4159 ctaplain,
620 4091 645 4143 ir
661 4089 805 4142 instituted
812 4095 839 4142 to
850 4089 895 4144 tiu
906 4091 1038 4160 vicarage
1047 4092 1084 4158 os
1099 4090 1229 4160 Wclford,
1247 4105 1284 4143 on
1300 4091 1346 4144 tte
1357 4091 1546 4158 presentatus
1557 4091 1592 4159 os

390 4175 437 4228 tlte
448 4173 536 4227 Attot
550 4172 611 4226 and
622 4173 747 4225 Conveni
756 4171 890 4240 osSulby.
929 4173 955 4224 T
951 4173 985 4225 tre
995 4175 1127 4242 vt'carage
1138 4175 1163 4225 is
1173 4172 1329 4236 desmtect]

415 4283 898 4359 WELLEFORD’.-Ernaldus,
909 4283 1110 4366 capellanus,
1120 4293 1329 4366 presentatus
1347 4305 1404 4366 per
1414 4284 1585 4348 Abbatem

327 4401 361 4453 et
393 4397 593 4451 conventum
630 4387 672 4450 de
704 4386 831 4468 Suleby
861 4385 903 4449 ad
940 4397 1135 4469 perpetuam
1174 4388 1331 4450 vicariam
1368 4387 1507 4453 ecclesie
1544 4389 1587 4453 de

328 4493 527 4568 Wellesord’,
552 4492 639 4555 sacta
670 4493 759 4574 prius
784 4490 998 4573 inquisitione
1023 4512 1082 4573 per
1113 4492 1161 4567 R.,
1187 4491 1471 4555 Archidiaconum
1502 4494 1587 4557 Nor-

327 4597 531 4679 hamptonie,
548 4616 606 4678 per
624 4616 735 4677 quam,
751 4605 821 4670 etc,
837 4594 1002 4656 admissus
1021 4605 1072 4658 est
1091 4605 1126 4658 et
1146 4595 1178 4657 in
1199 4594 1318 4658 eadem
1339 4615 1414 4658 cum
1434 4616 1536 4660 onere
1553 4606 1587 4660 et

328 4719 415 4782 pena
444 4700 640 4762 vicariorum
673 4708 851 4781 perpetuus
881 4698 1023 4761 vicarius
1054 4699 1232 4762 institutus.
1282 4699 1444 4764 Consistit
1473 4711 1586 4764 autem

395 4897 399 4924 ¹
416 4894 538 4960 Bridge's
548 4893 621 4945 liist.
633 4895 669 4961 os
675 4893 836 4955 rt'ontanu,
851 4893 876 4952 ii,
888 4905 944 4959 593,
953 4893 1031 4960 gives
1041 4894 1167 4945 Diouisia
1178 4894 1215 4945 de
1225 4893 1375 4958 Caldwell;
1391 4895 1441 4946 but
1453 4895 1501 4946 the
1510 4894 1587 4945 word

326 4977 397 5028 does
409 4983 456 5026 not
469 4975 531 5026 look
544 4975 599 5026 like
612 4975 755 5028 Caldwell.
