3609 5642
355 542 426 611 288
701 542 836 615 Rotulz'
856 541 1034 639 Hugonis
1059 541 1103 615 de
1138 540 1271 615 Welles

352 790 387 845 et
403 800 544 864 persona
567 781 759 857 institutus;
783 780 875 844 salva
897 781 996 844 dictis
1020 782 1124 845 Priori
1146 793 1181 848 et
1203 782 1382 875 conventui
1406 782 1618 866 possessione

353 892 522 976 pensionis
552 893 689 976 triginta
719 892 911 971 solidorum,
933 914 1034 976 quam
1067 895 1311 978 possessionem
1335 894 1493 957 dominus
1517 894 1617 979 Epis-

352 1020 457 1083 copus
487 998 531 1061 de
560 998 668 1081 gratia
697 1018 758 1061 sua
794 999 959 1062 concessit
988 998 1115 1063 eisdem
1146 998 1395 1083 percipiendam
1426 1019 1527 1081 quam
1560 1000 1618 1065 diu

351 1102 491 1166 domino
523 1101 693 1185 Episcopo
730 1102 899 1182 placuerit
956 1102 1001 1167 Et
1040 1103 1237 1168 mandatum
1275 1113 1327 1167 est
1366 1103 1617 1167 Archidiacono

354 1206 558 1282 Leircestrie,
577 1214 638 1269 etc.
689 1202 840 1269 Preiatus
859 1206 962 1269 etiam
990 1208 1083 1270 Prior
1100 1207 1227 1271 litteras
1248 1227 1324 1269 suas
1349 1216 1505 1289 patentes
1525 1206 1617 1270 dicto

351 1310 490 1373 domino
514 1308 684 1392 Episcopo
707 1308 795 1386 iecit,
811 1309 844 1372 in
868 1310 989 1392 quibus
1013 1310 1046 1373 in
1071 1310 1172 1374 verbo
1188 1311 1254 1375 Dei
1278 1311 1430 1394 promisit
1447 1331 1508 1394 pro
1531 1331 1567 1375 se
1582 1321 1617 1374 et

352 1434 413 1499 pro
443 1421 608 1477 conventu
639 1433 701 1476 suo
724 1412 815 1495 quod
840 1433 1011 1495 nunquam
1035 1413 1160 1496 aliquid
1182 1413 1265 1495 juris
1288 1414 1478 1478 vendicabit
1501 1415 1536 1478 in
1560 1414 1616 1478 illa

352 1517 521 1600 pensione,
548 1516 610 1580 nisi
636 1516 669 1580 id
694 1516 785 1599 quod
810 1517 852 1581 de
877 1518 985 1600 gratia
1008 1518 1137 1581 domini
1166 1518 1326 1602 Episcopi
1353 1515 1432 1581 inde
1458 1527 1616 1601 poterunt

352 1621 520 1703 consequi,
542 1620 595 1683 vel
618 1621 681 1683 nisi
704 1621 823 1685 eadem
848 1622 966 1704 pensio
988 1622 1036 1685 eis
1060 1643 1118 1705 per
1140 1622 1285 1687 eundem
1310 1622 1518 1705 Episcopum
1542 1642 1615 1685 sen·

351 1722 534 1789 tentialiter
568 1723 666 1787 suerit
700 1723 900 1805 adjudicata.
965 1724 1072 1789 Iidem
1103 1746 1182 1789 vero
1221 1726 1314 1789 Prior
1350 1735 1384 1789 et
1422 1737 1615 1801 conventus,

351 1828 577 1913 appellatione
594 1838 630 1893 et
652 1828 917 1893 contradictione
940 1830 1085 1906 remotis,
1105 1829 1318 1911 subjecerunt
1340 1850 1376 1892 se
1393 1828 1615 1910 jurisdictioni

351 1932 455 2016 ipsius
472 1931 630 2016 Episcopi
647 1931 690 1995 ad
711 1932 853 2015 gratiam
874 1954 969 1996 suam
986 1932 1037 1997 vel
1058 1934 1259 1997 sententiam
1281 1932 1359 1996 inde
1378 1932 1616 2016 recipiendam.

354 2035 399 2100 Et
429 2034 527 2100 saciet
557 2035 646 2099 idem
680 2036 772 2098 Prior
797 2034 920 2100 habere
943 2036 1082 2099 domino
1114 2036 1283 2121 Episcopo
1308 2034 1435 2100 litteras
1462 2045 1616 2119 patentes

351 2147 536 2203 conventus
566 2140 617 2203 sui
646 2149 827 2222 conceptas
857 2140 891 2203 in
922 2138 1030 2204 forma
1060 2140 1243 2205 litterarum
1275 2139 1501 2224 predictarum
1532 2138 1613 2203 dicti

353 2242 482 2305 Prioris.
538 2241 594 2326 [In
618 2242 671 2305 the
692 2243 824 2325 margin
838 2243 908 2326 .·-]
932 2244 1059 2308 Littere
1084 2245 1205 2307 Prioris
1228 2244 1270 2308 de
1296 2244 1449 2308 Lentone
1471 2252 1549 2308 sunt
1581 2242 1614 2305 in

351 2346 481 2408 scriniis
496 2344 624 2409 domini
642 2346 809 2429 Episcopi.

350 2669 462 2739 [Heney
472 2668 507 2722 de
516 2668 630 2730 Estone,
641 2669 720 2735 clerte,
728 2669 878 2737 presented
886 2670 920 2738 by
930 2670 975 2723 the
985 2670 1072 2723 Pn'or
1080 2670 1141 2723 and
1155 2669 1282 2724 Convent
1290 2672 1326 2741 os
1336 2670 1464 2739 Tretbery,
1474 2670 1614 2739 Staffs..is

417 2750 562 2805 rieste’tuted
569 2756 597 2803 to
607 2750 652 2804 the
662 2750 764 2805 church
775 2753 811 2820 of
820 2751 1004 2821 Staplesord]

441 2877 963 2943 ESTAPELFORDE.-Henricus
988 2880 1031 2945 de
1059 2878 1196 2960 Estone,
1226 2880 1373 2957 clericus,
1404 2889 1612 2964 presentatus

354 3004 412 3068 per
435 2983 582 3047 Priorem
605 2992 640 3046 et
663 2994 865 3048 conventum
881 2984 926 3047 de
941 2983 1109 3049 Tutesbiri
1128 2984 1170 3048 ad
1193 2985 1368 3049 ecclesiam
1391 2984 1435 3049 de
1460 2984 1611 3069 Estapel·

353 3087 455 3165 sorde,
477 3086 565 3151 lacta
587 3088 678 3170 prius
701 3088 915 3170 inquisitione
938 3108 997 3170 per
1016 3086 1300 3152 Archidiaconum
1325 3088 1530 3166 Leircestrie,
1545 3100 1614 3171 etc,

352 3192 519 3257 admissus
534 3204 585 3257 est
602 3203 636 3257 et
653 3212 794 3276 persona
810 3194 991 3272 institutus,
1006 3194 1059 3257 cui
1078 3194 1142 3257 sub
1156 3193 1272 3257 debito
1286 3193 1466 3275 juramenti
1487 3194 1612 3277 injunc-

352 3307 425 3360 tum
456 3306 508 3361 est
538 3306 575 3360 ut
605 3296 791 3379 frequentet
813 3298 929 3361 scolas.
975 3298 1146 3381 Alioquin,
1168 3308 1229 3363 etc.
1277 3298 1321 3363 Et
1345 3298 1542 3363 mandatum
1564 3308 1614 3362 est

354 3399 602 3464 Archidiacono
619 3400 825 3479 Leircestrie,
839 3412 901 3466 etc.

351 3756 498 3827 [Nr‘ctwlas
515 3755 548 3809 de
565 3756 667 3809 Sancta
686 3756 814 3825 Bn'gr'da,
833 3756 971 3826 chaplae'n,
986 3759 1134 3826 presented
1150 3759 1183 3827 by
1199 3759 1244 3813 tlu
1261 3758 1350 3811 Abbot
1366 3757 1427 3811 and
1443 3758 1621 3828 Conventus

417 3838 554 3902 bimur.
567 3839 592 3890 is
602 3839 747 3891 instituted
754 3840 835 3893 νέων
843 3841 878 3909 of
889 3840 1069 3909 Lockington.
1103 3842 1130 3895 A
1138 3844 1256 3910 perrer'mr
1267 3841 1304 3908 of
1313 3860 1331 3906 4
1346 3840 1441 3895 marks
1454 3842 1480 3895 is
1489 3842 1617 3896 resetved

417 3920 501 3973 totlee
511 3922 649 3987 convent]

443 4047 675 4112 LOKINTONE
699 4049 1101 4115 VICARIA.-Nicholaus
1125 4051 1168 4115 de
1192 4051 1318 4117 Sancta
1345 4051 1490 4135 Brigida,
1506 4052 1614 4135 capel-

354 4151 459 4229 lanuS,
482 4163 693 4236 presentatus
716 4175 775 4237 per
800 4154 970 4219 Abbatem
993 4164 1028 4219 et
1054 4163 1256 4219 conventum
1284 4154 1326 4219 de
1350 4155 1548 4221 Leircestria
1570 4156 1613 4221 ad

354 4266 551 4339 perpetuam
567 4259 724 4321 vicariam
744 4258 883 4323 ecclesie
902 4259 946 4322 de
966 4257 1167 4335 Lokintone,
1183 4257 1270 4322 facta
1290 4259 1381 4341 prius
1400 4260 1615 4342 inquisitione

354 4380 414 4443 per
450 4360 638 4425 Officialem
677 4362 882 4439 Leircestrie,
912 4362 1078 4425 admissus
1114 4372 1166 4425 est
1200 4372 1235 4427 et
1263 4362 1405 4427 vicarius
1434 4375 1614 4448 perpetuus

353 4464 534 4542 institutus,
557 4484 633 4528 cum
664 4484 764 4529 onere
793 4474 827 4529 et
849 4485 937 4549 pena
959 4464 1178 4544 vicariorum;
1202 4466 1302 4529 salvis
1324 4466 1405 4530 dicti
1430 4466 1559 4533 Abbati
1580 4478 1614 4533 et

353 4568 532 4632 conventui
565 4577 708 4650 quatuor
734 4569 853 4632 marcis
883 4569 1002 4633 annuis
1032 4568 1075 4632 de
1105 4567 1223 4633 eadem
1255 4570 1376 4634 vicaria
1406 4592 1466 4654 per
1496 4592 1614 4637 manus

353 4672 457 4756 ipsius
481 4672 634 4736 Nicholai
658 4682 692 4737 et
714 4693 940 4737 successorum
964 4694 1099 4736 suorum
1124 4674 1352 4756 percipiendis.
1400 4674 1445 4739 Et
1476 4677 1613 4741 manda-

353 4785 425 4840 tum
460 4787 512 4841 est
544 4776 790 4841 Archidiacono
829 4778 1023 4843 Leircestrie
1060 4776 1150 4860 quod
1189 4779 1298 4861 ipsum
1336 4779 1370 4842 in
1407 4778 1612 4862 corporalem

353 4878 505 4961 ejusdem
521 4882 641 4945 vicarie
660 4881 796 4945 inducat
814 4883 1068 4964 possessionem,
1083 4892 1118 4945 et
1133 4880 1223 4965 quod
1245 4900 1400 4947 mansum
1419 4892 1613 4965 competens

351 4984 461 5048 eidem
478 4985 598 5048 vicarie
613 4985 714 5049 iaciat
729 4986 896 5067 assignari.
