<?xml version="1.0" encoding="UTF-8"?>
<!DOCTYPE html PUBLIC "-//W3C//DTD XHTML 1.0 Transitional//EN"
    "http://www.w3.org/TR/xhtml1/DTD/xhtml1-transitional.dtd">
<html xmlns="http://www.w3.org/1999/xhtml" xml:lang="en" lang="en">
 <head>
  <title>
</title>
<meta http-equiv="Content-Type" content="text/html;charset=utf-8" />
  <meta name='ocr-system' content='tesseract 3.04.00' />
  <meta name='ocr-capabilities' content='ocr_page ocr_carea ocr_par ocr_line ocrx_word'/>
</head>
<body>
  <div class='ocr_page' id='page_1' title='image "./rotulihugonisde00davigoog_0072.png"; bbox 0 0 3609 5642; ppageno 0'>
   <div class='ocr_carea' id='block_1_1' title="bbox 607 560 1478 659">
    <p class='ocr_par' dir='ltr' id='par_1_1' title="bbox 607 560 1478 659">
     <span class='ocr_line' id='line_1_1' title="bbox 607 560 1478 659; baseline 0 -27"><span class='ocrx_word' id='word_1_1' title='bbox 607 561 784 659; x_wconf 75' lang='lat' dir='ltr'><em>Episcopi</em></span> <span class='ocrx_word' id='word_1_2' title='bbox 798 560 1082 634; x_wconf 79' lang='lat' dir='ltr'>Lz&#39;ncolne&#39;ensis.</span> <span class='ocrx_word' id='word_1_3' title='bbox 1435 567 1478 632; x_wconf 76' lang='lat'>61</span> 
     </span>
    </p>
   </div>
   <div class='ocr_carea' id='block_1_2' title="bbox 225 795 1488 1028">
    <p class='ocr_par' dir='ltr' id='par_1_2' title="bbox 225 795 1488 1028">
     <span class='ocr_line' id='line_1_2' title="bbox 225 795 1482 866; baseline -0.001 -17"><span class='ocrx_word' id='word_1_4' title='bbox 225 797 364 866; x_wconf 81' lang='lat' dir='ltr'><em>[Thomas</em></span> <span class='ocrx_word' id='word_1_5' title='bbox 374 797 407 850; x_wconf 83' lang='lat' dir='ltr'>de</span> <span class='ocrx_word' id='word_1_6' title='bbox 419 796 556 865; x_wconf 84' lang='lat' dir='ltr'>Bardney‚</span> <span class='ocrx_word' id='word_1_7' title='bbox 568 795 706 864; x_wconf 74' lang='lat' dir='ltr'>cnaptan,</span> <span class='ocrx_word' id='word_1_8' title='bbox 714 795 863 865; x_wconf 81' lang='lat' dir='ltr'><em>presented</em></span> <span class='ocrx_word' id='word_1_9' title='bbox 875 796 909 864; x_wconf 85' lang='lat' dir='ltr'>by</span> <span class='ocrx_word' id='word_1_10' title='bbox 920 796 965 848; x_wconf 79' lang='lat' dir='ltr'>tlte</span> <span class='ocrx_word' id='word_1_11' title='bbox 978 797 1066 848; x_wconf 81' lang='lat' dir='ltr'>Prior</span> <span class='ocrx_word' id='word_1_12' title='bbox 1074 796 1135 848; x_wconf 89' lang='lat' dir='ltr'>end</span> <span class='ocrx_word' id='word_1_13' title='bbox 1146 796 1272 849; x_wconf 85' lang='lat' dir='ltr'>Convent</span> <span class='ocrx_word' id='word_1_14' title='bbox 1285 797 1321 865; x_wconf 88' lang='lat' dir='ltr'>es</span> <span class='ocrx_word' id='word_1_15' title='bbox 1332 795 1482 860; x_wconf 85' lang='lat' dir='ltr'>Sandwell,</span> 
     </span>
     <span class='ocr_line' id='line_1_3' title="bbox 292 876 1488 946; baseline 0.001 -16"><span class='ocrx_word' id='word_1_16' title='bbox 292 879 580 946; x_wconf 76' lang='lat' dir='ltr'>trinste&#39;tntedparson</span> <span class='ocrx_word' id='word_1_17' title='bbox 591 879 627 946; x_wconf 85' lang='lat' dir='ltr'>of</span> <span class='ocrx_word' id='word_1_18' title='bbox 638 878 850 946; x_wconf 82' lang='lat' dir='ltr'>Ellesbereuglr.</span> <span class='ocrx_word' id='word_1_19' title='bbox 889 879 945 930; x_wconf 81' lang='lat' dir='ltr'>The</span> <span class='ocrx_word' id='word_1_20' title='bbox 956 879 1070 945; x_wconf 84' lang='lat' dir='ltr'>portion</span> <span class='ocrx_word' id='word_1_21' title='bbox 1083 878 1208 944; x_wconf 78' lang='lat' dir='ltr'><em>granted</em></span> <span class='ocrx_word' id='word_1_22' title='bbox 1221 883 1249 931; x_wconf 89' lang='lat' dir='ltr'>to</span> <span class='ocrx_word' id='word_1_23' title='bbox 1265 877 1310 931; x_wconf 84' lang='lat' dir='ltr'>the</span> <span class='ocrx_word' id='word_1_24' title='bbox 1328 876 1413 931; x_wconf 84' lang='lat' dir='ltr'>Pn&#39;or</span> <span class='ocrx_word' id='word_1_25' title='bbox 1427 879 1488 931; x_wconf 86' lang='lat' dir='ltr'>and</span> 
     </span>
     <span class='ocr_line' id='line_1_4' title="bbox 296 960 734 1028; baseline 0.002 -16"><span class='ocrx_word' id='word_1_26' title='bbox 296 961 420 1014; x_wconf 84' lang='lat' dir='ltr'>Convent</span> <span class='ocrx_word' id='word_1_27' title='bbox 429 962 455 1013; x_wconf 83' lang='lat' dir='ltr'>is</span> <span class='ocrx_word' id='word_1_28' title='bbox 464 961 593 1014; x_wconf 77' lang='lat' dir='ltr'>reseened</span> <span class='ocrx_word' id='word_1_29' title='bbox 603 965 629 1013; x_wconf 86' lang='lat' dir='ltr'>to</span> <span class='ocrx_word' id='word_1_30' title='bbox 640 960 734 1028; x_wconf 68' lang='lat' dir='ltr'>them]</span> 
     </span>
    </p>
   </div>
   <div class='ocr_carea' id='block_1_3' title="bbox 226 1079 1535 1683">
    <p class='ocr_par' dir='ltr' id='par_1_3' title="bbox 226 1079 1535 1683">
     <span class='ocr_line' id='line_1_5' title="bbox 318 1079 1535 1163; baseline 0.002 -21"><span class='ocrx_word' id='word_1_31' title='bbox 318 1080 698 1144; x_wconf 76' lang='lat' dir='ltr'>ESELBERGE.-Anno</span> <span class='ocrx_word' id='word_1_32' title='bbox 736 1080 951 1162; x_wconf 87' lang='lat' dir='ltr'>pontificatus</span> <span class='ocrx_word' id='word_1_33' title='bbox 989 1080 1115 1142; x_wconf 89' lang='lat' dir='ltr'>domini</span> <span class='ocrx_word' id='word_1_34' title='bbox 1156 1079 1316 1163; x_wconf 87' lang='lat' dir='ltr'>Episcopi</span> <span class='ocrx_word' id='word_1_35' title='bbox 1350 1091 1484 1162; x_wconf 88' lang='lat' dir='ltr'>quarto·</span> <span class='ocrx_word' id='word_1_36' title='bbox 1533 1126 1535 1130; x_wconf 29' lang='grc' dir='ltr'><em>ψ</em></span> 
     </span>
     <span class='ocr_line' id='line_1_6' title="bbox 226 1183 1485 1268; baseline 0.001 -22"><span class='ocrx_word' id='word_1_37' title='bbox 226 1183 360 1247; x_wconf 90' lang='lat' dir='ltr'>decimo</span> <span class='ocrx_word' id='word_1_38' title='bbox 383 1195 481 1248; x_wconf 90' lang='lat' dir='ltr'>sexto</span> <span class='ocrx_word' id='word_1_39' title='bbox 506 1183 666 1247; x_wconf 86' lang='lat' dir='ltr'>kalendas</span> <span class='ocrx_word' id='word_1_40' title='bbox 689 1183 779 1266; x_wconf 90' lang='lat' dir='ltr'>Junii</span> <span class='ocrx_word' id='word_1_41' title='bbox 804 1183 954 1247; x_wconf 86' lang='lat' dir='ltr'>Thomas</span> <span class='ocrx_word' id='word_1_42' title='bbox 979 1183 1021 1246; x_wconf 90' lang='lat' dir='ltr'>de</span> <span class='ocrx_word' id='word_1_43' title='bbox 1049 1183 1232 1266; x_wconf 89' lang='lat' dir='ltr'>Bardeney,</span> <span class='ocrx_word' id='word_1_44' title='bbox 1259 1184 1485 1268; x_wconf 63' lang='lat' dir='ltr'>cappellanus</span> 
     </span>
     <span class='ocr_line' id='line_1_7' title="bbox 227 1287 1484 1372; baseline 0.001 -21"><span class='ocrx_word' id='word_1_45' title='bbox 227 1298 438 1372; x_wconf 89' lang='lat' dir='ltr'>presentatus</span> <span class='ocrx_word' id='word_1_46' title='bbox 454 1309 513 1371; x_wconf 89' lang='lat' dir='ltr'>per</span> <span class='ocrx_word' id='word_1_47' title='bbox 530 1289 677 1351; x_wconf 88' lang='lat' dir='ltr'>Priorem</span> <span class='ocrx_word' id='word_1_48' title='bbox 693 1297 727 1350; x_wconf 91' lang='lat' dir='ltr'>et</span> <span class='ocrx_word' id='word_1_49' title='bbox 747 1298 949 1352; x_wconf 91' lang='lat' dir='ltr'>conventum</span> <span class='ocrx_word' id='word_1_50' title='bbox 966 1287 1009 1351; x_wconf 90' lang='lat' dir='ltr'>de</span> <span class='ocrx_word' id='word_1_51' title='bbox 1032 1288 1221 1353; x_wconf 88' lang='lat' dir='ltr'>Sandwelle</span> <span class='ocrx_word' id='word_1_52' title='bbox 1245 1287 1287 1350; x_wconf 92' lang='lat' dir='ltr'>ad</span> <span class='ocrx_word' id='word_1_53' title='bbox 1307 1288 1484 1353; x_wconf 88' lang='lat' dir='ltr'>ecclesiam</span> 
     </span>
     <span class='ocr_line' id='line_1_8' title="bbox 226 1391 1484 1474; baseline 0 -18"><span class='ocrx_word' id='word_1_54' title='bbox 226 1391 271 1456; x_wconf 91' lang='lat' dir='ltr'>de</span> <span class='ocrx_word' id='word_1_55' title='bbox 289 1391 478 1474; x_wconf 87' lang='lat' dir='ltr'>Eselberge‚</span> <span class='ocrx_word' id='word_1_56' title='bbox 494 1392 660 1456; x_wconf 87' lang='lat' dir='ltr'>admissus</span> <span class='ocrx_word' id='word_1_57' title='bbox 675 1401 726 1455; x_wconf 89' lang='lat' dir='ltr'>est</span> <span class='ocrx_word' id='word_1_58' title='bbox 741 1401 776 1455; x_wconf 90' lang='lat' dir='ltr'>et</span> <span class='ocrx_word' id='word_1_59' title='bbox 793 1412 934 1474; x_wconf 91' lang='lat' dir='ltr'>persona</span> <span class='ocrx_word' id='word_1_60' title='bbox 950 1392 1122 1455; x_wconf 88' lang='lat' dir='ltr'>institutus</span> <span class='ocrx_word' id='word_1_61' title='bbox 1139 1393 1171 1454; x_wconf 92' lang='lat' dir='ltr'>in</span> <span class='ocrx_word' id='word_1_62' title='bbox 1184 1392 1335 1456; x_wconf 91' lang='lat' dir='ltr'>eandem.</span> <span class='ocrx_word' id='word_1_63' title='bbox 1383 1392 1484 1458; x_wconf 87' lang='lat' dir='ltr'>Salva</span> 
     </span>
     <span class='ocr_line' id='line_1_9' title="bbox 227 1495 1485 1580; baseline 0.001 -21"><span class='ocrx_word' id='word_1_64' title='bbox 227 1497 381 1580; x_wconf 85' lang='lat' dir='ltr'>portione</span> <span class='ocrx_word' id='word_1_65' title='bbox 407 1496 504 1559; x_wconf 91' lang='lat' dir='ltr'>dictis</span> <span class='ocrx_word' id='word_1_66' title='bbox 533 1496 635 1559; x_wconf 91' lang='lat' dir='ltr'>Priori</span> <span class='ocrx_word' id='word_1_67' title='bbox 662 1506 697 1559; x_wconf 88' lang='lat' dir='ltr'>et</span> <span class='ocrx_word' id='word_1_68' title='bbox 723 1497 901 1559; x_wconf 89' lang='lat' dir='ltr'>conventui</span> <span class='ocrx_word' id='word_1_69' title='bbox 930 1517 989 1577; x_wconf 88' lang='lat' dir='ltr'>per</span> <span class='ocrx_word' id='word_1_70' title='bbox 1015 1495 1189 1558; x_wconf 91' lang='lat' dir='ltr'>dominum</span> <span class='ocrx_word' id='word_1_71' title='bbox 1215 1496 1423 1580; x_wconf 87' lang='lat' dir='ltr'>Episcopum</span> <span class='ocrx_word' id='word_1_72' title='bbox 1451 1507 1485 1560; x_wconf 92' lang='lat' dir='ltr'>et</span> 
     </span>
     <span class='ocr_line' id='line_1_10' title="bbox 227 1598 1484 1683; baseline -0.001 -20"><span class='ocrx_word' id='word_1_73' title='bbox 227 1599 421 1683; x_wconf 87' lang='lat' dir='ltr'>Capitulum</span> <span class='ocrx_word' id='word_1_74' title='bbox 438 1620 535 1662; x_wconf 92' lang='lat' dir='ltr'>suum</span> <span class='ocrx_word' id='word_1_75' title='bbox 554 1598 822 1662; x_wconf 86' lang='lat' dir='ltr'>Lincolniensem</span> <span class='ocrx_word' id='word_1_76' title='bbox 838 1599 886 1663; x_wconf 88' lang='lat' dir='ltr'>eis</span> <span class='ocrx_word' id='word_1_77' title='bbox 902 1619 1061 1663; x_wconf 89' lang='lat' dir='ltr'>concessa</span> <span class='ocrx_word' id='word_1_78' title='bbox 1076 1609 1110 1663; x_wconf 97' lang='lat' dir='ltr'>et</span> <span class='ocrx_word' id='word_1_79' title='bbox 1126 1599 1332 1676; x_wconf 88' lang='lat' dir='ltr'>confirmata,</span> <span class='ocrx_word' id='word_1_80' title='bbox 1348 1601 1435 1664; x_wconf 89' lang='lat' dir='ltr'>sicut</span> <span class='ocrx_word' id='word_1_81' title='bbox 1450 1601 1484 1662; x_wconf 90' lang='lat' dir='ltr'>in</span> 
     </span>
    </p>
   </div>
   <div class='ocr_carea' id='block_1_4' title="bbox 226 1701 1484 1884">
    <p class='ocr_par' dir='ltr' id='par_1_4' title="bbox 226 1701 1484 1884">
     <span class='ocr_line' id='line_1_11' title="bbox 226 1701 1484 1785; baseline -0.002 -18"><span class='ocrx_word' id='word_1_82' title='bbox 226 1703 338 1767; x_wconf 91' lang='lat' dir='ltr'>rotulo</span> <span class='ocrx_word' id='word_1_83' title='bbox 361 1713 525 1767; x_wconf 89' lang='lat' dir='ltr'>cartarum</span> <span class='ocrx_word' id='word_1_84' title='bbox 550 1704 745 1766; x_wconf 89' lang='lat' dir='ltr'>continetur.</span> <span class='ocrx_word' id='word_1_85' title='bbox 793 1703 838 1770; x_wconf 86' lang='lat' dir='ltr'>Et</span> <span class='ocrx_word' id='word_1_86' title='bbox 862 1703 1059 1770; x_wconf 88' lang='lat' dir='ltr'>mandatum</span> <span class='ocrx_word' id='word_1_87' title='bbox 1082 1714 1134 1766; x_wconf 90' lang='lat' dir='ltr'>est</span> <span class='ocrx_word' id='word_1_88' title='bbox 1164 1701 1307 1768; x_wconf 88' lang='lat' dir='ltr'>Officiali</span> <span class='ocrx_word' id='word_1_89' title='bbox 1337 1703 1484 1785; x_wconf 85' lang='lat' dir='ltr'>Buking-</span> 
     </span>
     <span class='ocr_line' id='line_1_12' title="bbox 227 1808 833 1884; baseline 0.002 -14"><span class='ocrx_word' id='word_1_90' title='bbox 227 1808 403 1884; x_wconf 84' lang='lat' dir='ltr'>hamiensi,</span> <span class='ocrx_word' id='word_1_91' title='bbox 418 1819 479 1872; x_wconf 89' lang='lat' dir='ltr'>etc.</span> <span class='ocrx_word' id='word_1_92' title='bbox 829 1819 833 1828; x_wconf 89' lang='lat'>&#39;</span> 
     </span>
    </p>
   </div>
   <div class='ocr_carea' id='block_1_5' title="bbox 226 1977 1487 2128">
    <p class='ocr_par' dir='ltr' id='par_1_5' title="bbox 226 1977 1487 2128">
     <span class='ocr_line' id='line_1_13' title="bbox 226 1977 1487 2050; baseline -0.002 -17"><span class='ocrx_word' id='word_1_93' title='bbox 226 1980 359 2050; x_wconf 81' lang='lat' dir='ltr'>[Stephen</span> <span class='ocrx_word' id='word_1_94' title='bbox 370 1978 403 2031; x_wconf 81' lang='lat' dir='ltr'>de</span> <span class='ocrx_word' id='word_1_95' title='bbox 415 1977 561 2044; x_wconf 81' lang='lat' dir='ltr'>Eclesseld,</span> <span class='ocrx_word' id='word_1_96' title='bbox 568 1978 717 2045; x_wconf 77' lang='lat' dir='ltr'>presented</span> <span class='ocrx_word' id='word_1_97' title='bbox 730 1978 764 2047; x_wconf 83' lang='lat' dir='ltr'>by</span> <span class='ocrx_word' id='word_1_98' title='bbox 774 1977 819 2032; x_wconf 80' lang='lat' dir='ltr'>ene</span> <span class='ocrx_word' id='word_1_99' title='bbox 830 1977 920 2031; x_wconf 79' lang='lat' dir='ltr'>Abbot</span> <span class='ocrx_word' id='word_1_100' title='bbox 933 1977 995 2031; x_wconf 84' lang='lat' dir='ltr'>and</span> <span class='ocrx_word' id='word_1_101' title='bbox 1005 1977 1132 2031; x_wconf 87' lang='lat' dir='ltr'>Convent</span> <span class='ocrx_word' id='word_1_102' title='bbox 1140 1979 1175 2047; x_wconf 89' lang='lat' dir='ltr'>of</span> <span class='ocrx_word' id='word_1_103' title='bbox 1185 1977 1226 2031; x_wconf 89' lang='lat' dir='ltr'>St.</span> <span class='ocrx_word' id='word_1_104' title='bbox 1238 1978 1353 2041; x_wconf 83' lang='lat' dir='ltr'>Albans,</span> <span class='ocrx_word' id='word_1_105' title='bbox 1366 1979 1392 2030; x_wconf 85' lang='lat' dir='ltr'>is</span> <span class='ocrx_word' id='word_1_106' title='bbox 1408 1979 1487 2031; x_wconf 83' lang='lat' dir='ltr'>insti-</span> 
     </span>
     <span class='ocr_line' id='line_1_14' title="bbox 292 2059 1326 2128; baseline -0.002 -14"><span class='ocrx_word' id='word_1_107' title='bbox 292 2060 371 2114; x_wconf 82' lang='lat' dir='ltr'>tuted</span> <span class='ocrx_word' id='word_1_108' title='bbox 379 2064 406 2112; x_wconf 89' lang='lat' dir='ltr'>to</span> <span class='ocrx_word' id='word_1_109' title='bbox 417 2060 462 2113; x_wconf 78' lang='lat' dir='ltr'>the</span> <span class='ocrx_word' id='word_1_110' title='bbox 473 2059 574 2114; x_wconf 75' lang='lat' dir='ltr'>etune</span> <span class='ocrx_word' id='word_1_111' title='bbox 585 2060 621 2128; x_wconf 83' lang='lat' dir='ltr'>os</span> <span class='ocrx_word' id='word_1_112' title='bbox 631 2059 792 2128; x_wconf 78' lang='lat' dir='ltr'>anrave.</span> <span class='ocrx_word' id='word_1_113' title='bbox 827 2060 872 2113; x_wconf 91' lang='lat' dir='ltr'>He</span> <span class='ocrx_word' id='word_1_114' title='bbox 883 2061 909 2113; x_wconf 84' lang='lat' dir='ltr'>is</span> <span class='ocrx_word' id='word_1_115' title='bbox 919 2065 947 2114; x_wconf 86' lang='lat' dir='ltr'>te</span> <span class='ocrx_word' id='word_1_116' title='bbox 958 2060 988 2114; x_wconf 84' lang='lat' dir='ltr'>be</span> <span class='ocrx_word' id='word_1_117' title='bbox 998 2059 1136 2113; x_wconf 76' lang='lat' dir='ltr'>ordoe&#39;ned</span> <span class='ocrx_word' id='word_1_118' title='bbox 1143 2059 1326 2126; x_wconf 59' lang='lat' dir='ltr'>wodeton]</span> 
     </span>
    </p>
   </div>
   <div class='ocr_carea' id='block_1_6' title="bbox 316 2179 1484 2263">
    <p class='ocr_par' dir='ltr' id='par_1_6' title="bbox 316 2179 1484 2263">
     <span class='ocr_line' id='line_1_15' title="bbox 316 2179 1484 2263; baseline 0 -19"><span class='ocrx_word' id='word_1_119' title='bbox 316 2179 725 2263; x_wconf 75' lang='lat' dir='ltr'>WENGRAVE.-Quinto</span> <span class='ocrx_word' id='word_1_120' title='bbox 756 2201 861 2244; x_wconf 86' lang='lat' dir='ltr'>nonas</span> <span class='ocrx_word' id='word_1_121' title='bbox 891 2181 971 2262; x_wconf 91' lang='lat' dir='ltr'>Julii</span> <span class='ocrx_word' id='word_1_122' title='bbox 1012 2181 1173 2263; x_wconf 82' lang='lat' dir='ltr'>Magister</span> <span class='ocrx_word' id='word_1_123' title='bbox 1211 2180 1403 2263; x_wconf 90' lang='lat' dir='ltr'>Stephanus</span> <span class='ocrx_word' id='word_1_124' title='bbox 1441 2181 1484 2244; x_wconf 93' lang='lat' dir='ltr'>de</span> 
     </span>
    </p>
   </div>
   <div class='ocr_carea' id='block_1_7' title="bbox 228 2284 1589 2367">
    <p class='ocr_par' dir='ltr' id='par_1_7' title="bbox 228 2284 1589 2367">
     <span class='ocr_line' id='line_1_16' title="bbox 228 2284 1589 2367; baseline -0.001 -18"><span class='ocrx_word' id='word_1_125' title='bbox 228 2284 406 2361; x_wconf 89' lang='lat' dir='ltr'>Eclesseld,</span> <span class='ocrx_word' id='word_1_126' title='bbox 437 2294 647 2367; x_wconf 89' lang='lat' dir='ltr'>presentatus</span> <span class='ocrx_word' id='word_1_127' title='bbox 686 2305 744 2367; x_wconf 89' lang='lat' dir='ltr'>per</span> <span class='ocrx_word' id='word_1_128' title='bbox 775 2285 946 2348; x_wconf 86' lang='lat' dir='ltr'>Abbatem</span> <span class='ocrx_word' id='word_1_129' title='bbox 984 2295 1018 2348; x_wconf 90' lang='lat' dir='ltr'>et</span> <span class='ocrx_word' id='word_1_130' title='bbox 1051 2294 1253 2348; x_wconf 90' lang='lat' dir='ltr'>conventum</span> <span class='ocrx_word' id='word_1_131' title='bbox 1284 2284 1327 2348; x_wconf 90' lang='lat' dir='ltr'>de</span> <span class='ocrx_word' id='word_1_132' title='bbox 1358 2284 1485 2349; x_wconf 82' lang='lat' dir='ltr'>Sancto</span> <span class='ocrx_word' id='word_1_133' title='bbox 1586 2358 1589 2366; x_wconf 28' lang='grc' dir='ltr'>Ι</span> 
     </span>
    </p>
   </div>
   <div class='ocr_carea' id='block_1_8' title="bbox 227 2387 1486 2988">
    <p class='ocr_par' dir='ltr' id='par_1_8' title="bbox 227 2387 1486 2988">
     <span class='ocr_line' id='line_1_17' title="bbox 228 2387 1484 2471; baseline -0.002 -19"><span class='ocrx_word' id='word_1_134' title='bbox 228 2388 366 2452; x_wconf 87' lang='lat' dir='ltr'>Albano</span> <span class='ocrx_word' id='word_1_135' title='bbox 387 2388 429 2451; x_wconf 94' lang='lat' dir='ltr'>ad</span> <span class='ocrx_word' id='word_1_136' title='bbox 450 2389 625 2452; x_wconf 88' lang='lat' dir='ltr'>ecclesiam</span> <span class='ocrx_word' id='word_1_137' title='bbox 642 2388 685 2451; x_wconf 91' lang='lat' dir='ltr'>de</span> <span class='ocrx_word' id='word_1_138' title='bbox 705 2387 903 2471; x_wconf 88' lang='lat' dir='ltr'>Wengrave‚</span> <span class='ocrx_word' id='word_1_139' title='bbox 919 2387 1085 2452; x_wconf 88' lang='lat' dir='ltr'>admissus</span> <span class='ocrx_word' id='word_1_140' title='bbox 1106 2398 1158 2452; x_wconf 90' lang='lat' dir='ltr'>est</span> <span class='ocrx_word' id='word_1_141' title='bbox 1175 2397 1210 2452; x_wconf 92' lang='lat' dir='ltr'>et</span> <span class='ocrx_word' id='word_1_142' title='bbox 1228 2405 1370 2470; x_wconf 87' lang='lat' dir='ltr'>persona</span> <span class='ocrx_word' id='word_1_143' title='bbox 1392 2389 1484 2451; x_wconf 88' lang='lat' dir='ltr'>insti-</span> 
     </span>
     <span class='ocr_line' id='line_1_18' title="bbox 227 2491 1485 2574; baseline -0.002 -17"><span class='ocrx_word' id='word_1_144' title='bbox 227 2504 321 2557; x_wconf 90' lang='lat' dir='ltr'>tutus</span> <span class='ocrx_word' id='word_1_145' title='bbox 359 2494 391 2555; x_wconf 90' lang='lat' dir='ltr'>in</span> <span class='ocrx_word' id='word_1_146' title='bbox 429 2492 558 2568; x_wconf 89' lang='lat' dir='ltr'>eadem,</span> <span class='ocrx_word' id='word_1_147' title='bbox 589 2491 676 2555; x_wconf 87' lang='lat' dir='ltr'>facta</span> <span class='ocrx_word' id='word_1_148' title='bbox 713 2493 804 2574; x_wconf 90' lang='lat' dir='ltr'>prius</span> <span class='ocrx_word' id='word_1_149' title='bbox 842 2492 1057 2574; x_wconf 90' lang='lat' dir='ltr'>inquisitione</span> <span class='ocrx_word' id='word_1_150' title='bbox 1096 2512 1155 2574; x_wconf 88' lang='lat' dir='ltr'>per</span> <span class='ocrx_word' id='word_1_151' title='bbox 1194 2491 1394 2574; x_wconf 85' lang='lat' dir='ltr'>Magistrum</span> <span class='ocrx_word' id='word_1_152' title='bbox 1432 2491 1485 2569; x_wconf 67' lang='lat' dir='ltr'>T„</span> 
     </span>
     <span class='ocr_line' id='line_1_19' title="bbox 229 2594 1486 2678; baseline -0.002 -17"><span class='ocrx_word' id='word_1_153' title='bbox 229 2595 416 2661; x_wconf 88' lang='lat' dir='ltr'>Officialem</span> <span class='ocrx_word' id='word_1_154' title='bbox 456 2594 694 2658; x_wconf 88' lang='lat' dir='ltr'>Archidiaconi</span> <span class='ocrx_word' id='word_1_155' title='bbox 733 2594 1058 2677; x_wconf 87' lang='lat' dir='ltr'>Bukinghamiensis‚</span> <span class='ocrx_word' id='word_1_156' title='bbox 1088 2615 1146 2678; x_wconf 90' lang='lat' dir='ltr'>per</span> <span class='ocrx_word' id='word_1_157' title='bbox 1183 2615 1295 2678; x_wconf 91' lang='lat' dir='ltr'>quam,</span> <span class='ocrx_word' id='word_1_158' title='bbox 1331 2605 1393 2659; x_wconf 88' lang='lat' dir='ltr'>etc.</span> <span class='ocrx_word' id='word_1_159' title='bbox 1439 2595 1486 2659; x_wconf 89' lang='lat' dir='ltr'>Et</span> 
     </span>
     <span class='ocr_line' id='line_1_20' title="bbox 227 2698 1484 2781; baseline 0 -19"><span class='ocrx_word' id='word_1_160' title='bbox 227 2698 414 2781; x_wconf 88' lang='lat' dir='ltr'>injunctum</span> <span class='ocrx_word' id='word_1_161' title='bbox 442 2707 494 2763; x_wconf 87' lang='lat' dir='ltr'>est</span> <span class='ocrx_word' id='word_1_162' title='bbox 518 2699 626 2762; x_wconf 90' lang='lat' dir='ltr'>eidem</span> <span class='ocrx_word' id='word_1_163' title='bbox 656 2709 692 2762; x_wconf 89' lang='lat' dir='ltr'>ut</span> <span class='ocrx_word' id='word_1_164' title='bbox 718 2699 831 2762; x_wconf 82' lang='lat' dir='ltr'>veniat</span> <span class='ocrx_word' id='word_1_165' title='bbox 861 2699 903 2762; x_wconf 90' lang='lat' dir='ltr'>ad</span> <span class='ocrx_word' id='word_1_166' title='bbox 935 2698 1060 2781; x_wconf 90' lang='lat' dir='ltr'>primos</span> <span class='ocrx_word' id='word_1_167' title='bbox 1090 2698 1223 2762; x_wconf 88' lang='lat' dir='ltr'>ordines</span> <span class='ocrx_word' id='word_1_168' title='bbox 1254 2707 1331 2781; x_wconf 91' lang='lat' dir='ltr'>post</span> <span class='ocrx_word' id='word_1_169' title='bbox 1361 2698 1484 2762; x_wconf 86' lang='lat' dir='ltr'>festum</span> 
     </span>
     <span class='ocr_line' id='line_1_21' title="bbox 228 2800 1486 2866; baseline 0.001 -1"><span class='ocrx_word' id='word_1_170' title='bbox 228 2812 343 2865; x_wconf 88' lang='lat' dir='ltr'>sancte</span> <span class='ocrx_word' id='word_1_171' title='bbox 368 2801 542 2865; x_wconf 89' lang='lat' dir='ltr'>Trinitatis</span> <span class='ocrx_word' id='word_1_172' title='bbox 570 2802 602 2864; x_wconf 91' lang='lat' dir='ltr'>in</span> <span class='ocrx_word' id='word_1_173' title='bbox 628 2801 870 2865; x_wconf 90' lang='lat' dir='ltr'>subdiaconum</span> <span class='ocrx_word' id='word_1_174' title='bbox 890 2800 1104 2864; x_wconf 88' lang='lat' dir='ltr'>ordinandus.</span> <span class='ocrx_word' id='word_1_175' title='bbox 1152 2801 1197 2863; x_wconf 90' lang='lat' dir='ltr'>Et</span> <span class='ocrx_word' id='word_1_176' title='bbox 1218 2801 1414 2864; x_wconf 91' lang='lat' dir='ltr'>mandatum</span> <span class='ocrx_word' id='word_1_177' title='bbox 1434 2813 1486 2866; x_wconf 90' lang='lat' dir='ltr'>est</span> 
     </span>
     <span class='ocr_line' id='line_1_22' title="bbox 229 2905 777 2988; baseline -0.004 -17"><span class='ocrx_word' id='word_1_178' title='bbox 229 2905 374 2971; x_wconf 89' lang='lat' dir='ltr'>Officiali</span> <span class='ocrx_word' id='word_1_179' title='bbox 392 2905 701 2988; x_wconf 85' lang='lat' dir='ltr'>Bukinghamiensi‚</span> <span class='ocrx_word' id='word_1_180' title='bbox 715 2916 777 2969; x_wconf 90' lang='lat' dir='ltr'>etc.</span> 
     </span>
    </p>
   </div>
   <div class='ocr_carea' id='block_1_9' title="bbox 228 3098 1488 3801">
    <p class='ocr_par' dir='ltr' id='par_1_9' title="bbox 228 3098 1488 3801">
     <span class='ocr_line' id='line_1_23' title="bbox 228 3098 1487 3168; baseline -0.002 -15"><span class='ocrx_word' id='word_1_181' title='bbox 228 3099 322 3168; x_wconf 79' lang='lat' dir='ltr'>[solen</span> <span class='ocrx_word' id='word_1_182' title='bbox 343 3099 376 3153; x_wconf 85' lang='lat' dir='ltr'>de</span> <span class='ocrx_word' id='word_1_183' title='bbox 392 3100 561 3165; x_wconf 79' lang='lat' dir='ltr'>Fiskeetone,</span> <span class='ocrx_word' id='word_1_184' title='bbox 580 3100 717 3168; x_wconf 80' lang='lat' dir='ltr'>chaplain,</span> <span class='ocrx_word' id='word_1_185' title='bbox 739 3101 764 3152; x_wconf 83' lang='lat' dir='ltr'>is</span> <span class='ocrx_word' id='word_1_186' title='bbox 782 3099 930 3164; x_wconf 78' lang='lat' dir='ltr'>instituted,</span> <span class='ocrx_word' id='word_1_187' title='bbox 950 3101 1019 3153; x_wconf 80' lang='lat' dir='ltr'>with</span> <span class='ocrx_word' id='word_1_188' title='bbox 1040 3101 1085 3153; x_wconf 80' lang='lat' dir='ltr'>the</span> <span class='ocrx_word' id='word_1_189' title='bbox 1104 3099 1172 3168; x_wconf 59' lang='lat' dir='ltr'>dun</span> <span class='ocrx_word' id='word_1_190' title='bbox 1188 3102 1223 3168; x_wconf 80' lang='lat' dir='ltr'>of</span> <span class='ocrx_word' id='word_1_191' title='bbox 1234 3099 1375 3162; x_wconf 76' lang='lat' dir='ltr'>resedence,</span> <span class='ocrx_word' id='word_1_192' title='bbox 1397 3105 1424 3152; x_wconf 87' lang='lat' dir='ltr'>to</span> <span class='ocrx_word' id='word_1_193' title='bbox 1441 3098 1487 3152; x_wconf 79' lang='lat' dir='ltr'>tlte</span> 
     </span>
     <span class='ocr_line' id='line_1_24' title="bbox 293 3181 1295 3252; baseline -0.002 -17"><span class='ocrx_word' id='word_1_194' title='bbox 293 3182 394 3236; x_wconf 73' lang='lat' dir='ltr'>cheren</span> <span class='ocrx_word' id='word_1_195' title='bbox 405 3183 441 3252; x_wconf 86' lang='lat' dir='ltr'>es</span> <span class='ocrx_word' id='word_1_196' title='bbox 452 3183 532 3236; x_wconf 87' lang='lat' dir='ltr'>Fleet</span> <span class='ocrx_word' id='word_1_197' title='bbox 541 3182 677 3248; x_wconf 86' lang='lat' dir='ltr'>Marsten,</span> <span class='ocrx_word' id='word_1_198' title='bbox 690 3189 717 3236; x_wconf 90' lang='lat' dir='ltr'>to</span> <span class='ocrx_word' id='word_1_199' title='bbox 728 3183 821 3236; x_wconf 76' lang='lat' dir='ltr'>which</span> <span class='ocrx_word' id='word_1_200' title='bbox 834 3183 868 3236; x_wconf 79' lang='lat' dir='ltr'>he</span> <span class='ocrx_word' id='word_1_201' title='bbox 878 3198 939 3235; x_wconf 82' lang='lat' dir='ltr'>was</span> <span class='ocrx_word' id='word_1_202' title='bbox 948 3182 1105 3251; x_wconf 81' lang='lat' dir='ltr'>eolletedby</span> <span class='ocrx_word' id='word_1_203' title='bbox 1116 3181 1162 3235; x_wconf 80' lang='lat' dir='ltr'>tlte</span> <span class='ocrx_word' id='word_1_204' title='bbox 1170 3181 1295 3251; x_wconf 69' lang='lat' dir='ltr'>Bishap]</span> 
     </span>
     <span class='ocr_line' id='line_1_25' title="bbox 317 3301 1485 3385; baseline -0.001 -19"><span class='ocrx_word' id='word_1_205' title='bbox 317 3302 878 3385; x_wconf 76' lang='lat' dir='ltr'>FLETEMERSTONE.-Johannes</span> <span class='ocrx_word' id='word_1_206' title='bbox 901 3303 944 3369; x_wconf 89' lang='lat' dir='ltr'>de</span> <span class='ocrx_word' id='word_1_207' title='bbox 970 3302 1176 3379; x_wconf 87' lang='lat' dir='ltr'>Fiskertone‚</span> <span class='ocrx_word' id='word_1_208' title='bbox 1192 3301 1416 3384; x_wconf 84' lang='lat' dir='ltr'>cappellanus,</span> <span class='ocrx_word' id='word_1_209' title='bbox 1431 3303 1485 3365; x_wconf 88' lang='lat' dir='ltr'>cui</span> 
     </span>
     <span class='ocr_line' id='line_1_26' title="bbox 228 3406 1486 3489; baseline -0.002 -18"><span class='ocrx_word' id='word_1_210' title='bbox 228 3407 386 3471; x_wconf 90' lang='lat' dir='ltr'>dominus</span> <span class='ocrx_word' id='word_1_211' title='bbox 410 3407 598 3489; x_wconf 87' lang='lat' dir='ltr'>Episcopus</span> <span class='ocrx_word' id='word_1_212' title='bbox 621 3407 763 3471; x_wconf 89' lang='lat' dir='ltr'>contulit</span> <span class='ocrx_word' id='word_1_213' title='bbox 785 3407 960 3471; x_wconf 89' lang='lat' dir='ltr'>ecclesiam</span> <span class='ocrx_word' id='word_1_214' title='bbox 982 3406 1025 3470; x_wconf 90' lang='lat' dir='ltr'>de</span> <span class='ocrx_word' id='word_1_215' title='bbox 1049 3407 1322 3482; x_wconf 89' lang='lat' dir='ltr'>Fletemerstone,</span> <span class='ocrx_word' id='word_1_216' title='bbox 1345 3407 1486 3469; x_wconf 90' lang='lat' dir='ltr'>auctori-</span> 
     </span>
     <span class='ocr_line' id='line_1_27' title="bbox 228 3510 1487 3595; baseline -0.002 -21"><span class='ocrx_word' id='word_1_217' title='bbox 228 3521 300 3574; x_wconf 86' lang='lat' dir='ltr'>tate</span> <span class='ocrx_word' id='word_1_218' title='bbox 309 3510 449 3587; x_wconf 92' lang='lat' dir='ltr'>concilii,</span> <span class='ocrx_word' id='word_1_219' title='bbox 462 3510 551 3574; x_wconf 91' lang='lat' dir='ltr'>sacta</span> <span class='ocrx_word' id='word_1_220' title='bbox 563 3511 653 3593; x_wconf 88' lang='lat' dir='ltr'>prius</span> <span class='ocrx_word' id='word_1_221' title='bbox 664 3511 877 3593; x_wconf 89' lang='lat' dir='ltr'>inquisitione</span> <span class='ocrx_word' id='word_1_222' title='bbox 888 3533 948 3595; x_wconf 90' lang='lat' dir='ltr'>per</span> <span class='ocrx_word' id='word_1_223' title='bbox 960 3510 1146 3576; x_wconf 90' lang='lat' dir='ltr'>Officialem</span> <span class='ocrx_word' id='word_1_224' title='bbox 1160 3510 1487 3592; x_wconf 89' lang='lat' dir='ltr'>Buggihamiensem,</span> 
     </span>
     <span class='ocr_line' id='line_1_28' title="bbox 228 3613 1488 3697; baseline -0.002 -20"><span class='ocrx_word' id='word_1_225' title='bbox 228 3613 396 3677; x_wconf 87' lang='lat' dir='ltr'>admissus</span> <span class='ocrx_word' id='word_1_226' title='bbox 421 3624 481 3691; x_wconf 88' lang='lat' dir='ltr'>est,</span> <span class='ocrx_word' id='word_1_227' title='bbox 506 3624 540 3677; x_wconf 87' lang='lat' dir='ltr'>et</span> <span class='ocrx_word' id='word_1_228' title='bbox 566 3615 597 3677; x_wconf 92' lang='lat' dir='ltr'>in</span> <span class='ocrx_word' id='word_1_229' title='bbox 625 3635 699 3678; x_wconf 88' lang='lat' dir='ltr'>eam</span> <span class='ocrx_word' id='word_1_230' title='bbox 728 3616 888 3679; x_wconf 90' lang='lat' dir='ltr'>canonice</span> <span class='ocrx_word' id='word_1_231' title='bbox 913 3634 1055 3697; x_wconf 88' lang='lat' dir='ltr'>persona</span> <span class='ocrx_word' id='word_1_232' title='bbox 1080 3615 1260 3690; x_wconf 90' lang='lat' dir='ltr'>institutus,</span> <span class='ocrx_word' id='word_1_233' title='bbox 1285 3633 1360 3676; x_wconf 93' lang='lat' dir='ltr'>cum</span> <span class='ocrx_word' id='word_1_234' title='bbox 1387 3632 1488 3676; x_wconf 90' lang='lat' dir='ltr'>onere</span> 
     </span>
     <span class='ocr_line' id='line_1_29' title="bbox 228 3717 1413 3801; baseline -0.001 -19"><span class='ocrx_word' id='word_1_235' title='bbox 228 3718 416 3794; x_wconf 89' lang='lat' dir='ltr'>residentie‚</span> <span class='ocrx_word' id='word_1_236' title='bbox 432 3718 525 3782; x_wconf 89' lang='lat' dir='ltr'>salvo</span> <span class='ocrx_word' id='word_1_237' title='bbox 539 3718 612 3800; x_wconf 91' lang='lat' dir='ltr'>jure</span> <span class='ocrx_word' id='word_1_238' title='bbox 628 3720 725 3782; x_wconf 91' lang='lat' dir='ltr'>unius</span> <span class='ocrx_word' id='word_1_239' title='bbox 741 3719 911 3801; x_wconf 89' lang='lat' dir='ltr'>cujusque,</span> <span class='ocrx_word' id='word_1_240' title='bbox 927 3729 998 3792; x_wconf 83' lang='lat' dir='ltr'>etc..</span> <span class='ocrx_word' id='word_1_241' title='bbox 1013 3729 1047 3782; x_wconf 91' lang='lat' dir='ltr'>et</span> <span class='ocrx_word' id='word_1_242' title='bbox 1063 3717 1259 3790; x_wconf 85' lang='lat' dir='ltr'>mandatum</span> <span class='ocrx_word' id='word_1_243' title='bbox 1276 3728 1336 3794; x_wconf 90' lang='lat' dir='ltr'>est,</span> <span class='ocrx_word' id='word_1_244' title='bbox 1352 3727 1413 3781; x_wconf 90' lang='lat' dir='ltr'>etc.</span> 
     </span>
    </p>
   </div>
   <div class='ocr_carea' id='block_1_10' title="bbox 229 3903 1493 4136">
    <p class='ocr_par' dir='ltr' id='par_1_10' title="bbox 229 3903 1493 4136">
     <span class='ocr_line' id='line_1_30' title="bbox 229 3903 1493 3974; baseline 0.001 -18"><span class='ocrx_word' id='word_1_245' title='bbox 229 3903 370 3973; x_wconf 72' lang='lat' dir='ltr'>[Willenm</span> <span class='ocrx_word' id='word_1_246' title='bbox 388 3903 509 3965; x_wconf 84' lang='lat' dir='ltr'>Mansel,</span> <span class='ocrx_word' id='word_1_247' title='bbox 519 3904 716 3974; x_wconf 84' lang='lat' dir='ltr'>presentedby</span> <span class='ocrx_word' id='word_1_248' title='bbox 736 3905 856 3958; x_wconf 77' lang='lat' dir='ltr'>Thomas</span> <span class='ocrx_word' id='word_1_249' title='bbox 874 3903 994 3961; x_wconf 73' lang='lat' dir='ltr'>Mamer.</span> <span class='ocrx_word' id='word_1_250' title='bbox 1005 3906 1031 3956; x_wconf 86' lang='lat' dir='ltr'>is</span> <span class='ocrx_word' id='word_1_251' title='bbox 1047 3903 1193 3957; x_wconf 73' lang='lat' dir='ltr'>nastituted</span> <span class='ocrx_word' id='word_1_252' title='bbox 1207 3908 1235 3956; x_wconf 91' lang='lat' dir='ltr'>to</span> <span class='ocrx_word' id='word_1_253' title='bbox 1251 3920 1269 3956; x_wconf 87' lang='lat' dir='ltr'><em>a</em></span> <span class='ocrx_word' id='word_1_254' title='bbox 1280 3907 1442 3973; x_wconf 82' lang='lat' dir='ltr'>personage</span> <span class='ocrx_word' id='word_1_255' title='bbox 1457 3906 1493 3973; x_wconf 86' lang='lat' dir='ltr'>os</span> 
     </span>
     <span class='ocr_line' id='line_1_31' title="bbox 294 3985 1489 4056; baseline 0 -18"><span class='ocrx_word' id='word_1_256' title='bbox 294 3985 418 4039; x_wconf 78' lang='lat' dir='ltr'>dmarles</span> <span class='ocrx_word' id='word_1_257' title='bbox 428 3987 460 4038; x_wconf 80' lang='lat' dir='ltr'>in</span> <span class='ocrx_word' id='word_1_258' title='bbox 471 3985 517 4039; x_wconf 77' lang='lat' dir='ltr'>the</span> <span class='ocrx_word' id='word_1_259' title='bbox 526 3985 628 4040; x_wconf 78' lang='lat' dir='ltr'>cleared</span> <span class='ocrx_word' id='word_1_260' title='bbox 637 3987 673 4054; x_wconf 87' lang='lat' dir='ltr'>os</span> <span class='ocrx_word' id='word_1_261' title='bbox 675 3986 787 4056; x_wconf 78' lang='lat' dir='ltr'>Shenly.</span> <span class='ocrx_word' id='word_1_262' title='bbox 816 3987 862 4039; x_wconf 91' lang='lat' dir='ltr'>He</span> <span class='ocrx_word' id='word_1_263' title='bbox 873 3985 1040 4039; x_wconf 82' lang='lat' dir='ltr'>e&#39;stoattend</span> <span class='ocrx_word' id='word_1_264' title='bbox 1049 3985 1217 4038; x_wconf 75' lang='lat' dir='ltr'>theselteols.</span> <span class='ocrx_word' id='word_1_265' title='bbox 1249 3985 1306 4039; x_wconf 77' lang='lat' dir='ltr'>The</span> <span class='ocrx_word' id='word_1_266' title='bbox 1317 3985 1489 4055; x_wconf 75' lang='lat' dir='ltr'>vnerageoj</span> 
     </span>
     <span class='ocr_line' id='line_1_32' title="bbox 296 4067 1047 4136; baseline -0.005 -16"><span class='ocrx_word' id='word_1_267' title='bbox 296 4067 389 4135; x_wconf 77' lang='lat' dir='ltr'>Ralple</span> <span class='ocrx_word' id='word_1_268' title='bbox 404 4067 431 4119; x_wconf 84' lang='grc' dir='ltr'><em>Τ</em></span> <span class='ocrx_word' id='word_1_269' title='bbox 426 4067 538 4122; x_wconf 71' lang='lat' dir='ltr'>miebn&#39;s</span> <span class='ocrx_word' id='word_1_270' title='bbox 551 4069 577 4121; x_wconf 81' lang='lat' dir='ltr'>is</span> <span class='ocrx_word' id='word_1_271' title='bbox 587 4068 734 4136; x_wconf 78' lang='lat' dir='ltr'>reseeued]</span> <span class='ocrx_word' id='word_1_272' title='bbox 1043 4107 1047 4116; x_wconf 91' lang='lat'>.</span> 
     </span>
    </p>
   </div>
   <div class='ocr_carea' id='block_1_11' title="bbox 229 4186 1488 5100">
    <p class='ocr_par' dir='ltr' id='par_1_11' title="bbox 229 4186 1488 5100">
     <span class='ocr_line' id='line_1_33' title="bbox 318 4186 1486 4272; baseline -0.002 -20"><span class='ocrx_word' id='word_1_273' title='bbox 318 4187 690 4253; x_wconf 80' lang='lat' dir='ltr'>SENLE.—Willelmus</span> <span class='ocrx_word' id='word_1_274' title='bbox 710 4188 851 4266; x_wconf 84' lang='lat' dir='ltr'>Mansel,</span> <span class='ocrx_word' id='word_1_275' title='bbox 868 4197 1078 4272; x_wconf 89' lang='lat' dir='ltr'>presentatus</span> <span class='ocrx_word' id='word_1_276' title='bbox 1094 4207 1153 4269; x_wconf 89' lang='lat' dir='ltr'>per</span> <span class='ocrx_word' id='word_1_277' title='bbox 1169 4186 1337 4249; x_wconf 89' lang='lat' dir='ltr'>Thomam</span> <span class='ocrx_word' id='word_1_278' title='bbox 1356 4186 1486 4250; x_wconf 89' lang='lat' dir='ltr'>Mansel</span> 
     </span>
     <span class='ocr_line' id='line_1_34' title="bbox 229 4290 1487 4374; baseline 0 -20"><span class='ocrx_word' id='word_1_279' title='bbox 229 4290 272 4354; x_wconf 93' lang='lat' dir='ltr'>ad</span> <span class='ocrx_word' id='word_1_280' title='bbox 297 4291 543 4374; x_wconf 89' lang='lat' dir='ltr'>personatu[m]</span> <span class='ocrx_word' id='word_1_281' title='bbox 567 4313 628 4356; x_wconf 90' lang='lat' dir='ltr'>sex</span> <span class='ocrx_word' id='word_1_282' title='bbox 652 4313 838 4357; x_wconf 90' lang='lat' dir='ltr'>marcarum</span> <span class='ocrx_word' id='word_1_283' title='bbox 863 4294 896 4355; x_wconf 90' lang='lat' dir='ltr'>in</span> <span class='ocrx_word' id='word_1_284' title='bbox 924 4291 1064 4355; x_wconf 89' lang='lat' dir='ltr'>ecclesia</span> <span class='ocrx_word' id='word_1_285' title='bbox 1088 4291 1130 4355; x_wconf 93' lang='lat' dir='ltr'>de</span> <span class='ocrx_word' id='word_1_286' title='bbox 1152 4290 1262 4367; x_wconf 90' lang='lat' dir='ltr'>Senle‚</span> <span class='ocrx_word' id='word_1_287' title='bbox 1286 4290 1373 4354; x_wconf 87' lang='lat' dir='ltr'>facta</span> <span class='ocrx_word' id='word_1_288' title='bbox 1398 4292 1487 4374; x_wconf 89' lang='lat' dir='ltr'>prius</span> 
     </span>
     <span class='ocr_line' id='line_1_35' title="bbox 231 4394 1488 4478; baseline 0 -21"><span class='ocrx_word' id='word_1_289' title='bbox 231 4395 445 4477; x_wconf 90' lang='lat' dir='ltr'>inquisitione</span> <span class='ocrx_word' id='word_1_290' title='bbox 468 4415 528 4477; x_wconf 90' lang='lat' dir='ltr'>per</span> <span class='ocrx_word' id='word_1_291' title='bbox 552 4394 753 4478; x_wconf 85' lang='lat' dir='ltr'>Magistrum</span> <span class='ocrx_word' id='word_1_292' title='bbox 776 4395 824 4472; x_wconf 65' lang='lat' dir='ltr'>T„</span> <span class='ocrx_word' id='word_1_293' title='bbox 848 4394 1037 4459; x_wconf 88' lang='lat' dir='ltr'>Officialem</span> <span class='ocrx_word' id='word_1_294' title='bbox 1063 4394 1413 4475; x_wconf 86' lang='lat' dir='ltr'>Bukinghamiensem,</span> <span class='ocrx_word' id='word_1_295' title='bbox 1429 4414 1488 4477; x_wconf 89' lang='lat' dir='ltr'>per</span> 
     </span>
     <span class='ocr_line' id='line_1_36' title="bbox 230 4497 1488 4582; baseline 0.001 -22"><span class='ocrx_word' id='word_1_296' title='bbox 230 4517 342 4580; x_wconf 83' lang='lat' dir='ltr'>quam,</span> <span class='ocrx_word' id='word_1_297' title='bbox 356 4508 427 4576; x_wconf 66' lang='lat' dir='ltr'>etc„</span> <span class='ocrx_word' id='word_1_298' title='bbox 443 4497 608 4562; x_wconf 88' lang='lat' dir='ltr'>admissus</span> <span class='ocrx_word' id='word_1_299' title='bbox 623 4511 675 4562; x_wconf 90' lang='lat' dir='ltr'>est</span> <span class='ocrx_word' id='word_1_300' title='bbox 690 4509 725 4563; x_wconf 91' lang='lat' dir='ltr'>et</span> <span class='ocrx_word' id='word_1_301' title='bbox 744 4501 776 4562; x_wconf 91' lang='lat' dir='ltr'>in</span> <span class='ocrx_word' id='word_1_302' title='bbox 796 4519 836 4562; x_wconf 87' lang='lat' dir='ltr'>ea</span> <span class='ocrx_word' id='word_1_303' title='bbox 857 4518 1000 4582; x_wconf 90' lang='lat' dir='ltr'>persona</span> <span class='ocrx_word' id='word_1_304' title='bbox 1019 4499 1178 4561; x_wconf 90' lang='lat' dir='ltr'>canonice</span> <span class='ocrx_word' id='word_1_305' title='bbox 1200 4498 1380 4575; x_wconf 89' lang='lat' dir='ltr'>institutus,</span> <span class='ocrx_word' id='word_1_306' title='bbox 1396 4498 1488 4561; x_wconf 90' lang='lat' dir='ltr'>salva</span> 
     </span>
     <span class='ocr_line' id='line_1_37' title="bbox 232 4601 1486 4685; baseline 0.001 -22"><span class='ocrx_word' id='word_1_307' title='bbox 232 4601 412 4685; x_wconf 88' lang='lat' dir='ltr'>Radulpbo</span> <span class='ocrx_word' id='word_1_308' title='bbox 431 4601 600 4666; x_wconf 91' lang='lat' dir='ltr'>Tailebois</span> <span class='ocrx_word' id='word_1_309' title='bbox 622 4603 744 4666; x_wconf 90' lang='lat' dir='ltr'>vicaria</span> <span class='ocrx_word' id='word_1_310' title='bbox 759 4623 860 4685; x_wconf 88' lang='lat' dir='ltr'>quam</span> <span class='ocrx_word' id='word_1_311' title='bbox 883 4601 985 4665; x_wconf 91' lang='lat' dir='ltr'>habet</span> <span class='ocrx_word' id='word_1_312' title='bbox 1006 4603 1038 4665; x_wconf 90' lang='lat' dir='ltr'>in</span> <span class='ocrx_word' id='word_1_313' title='bbox 1061 4601 1188 4664; x_wconf 91' lang='lat' dir='ltr'>eadem.</span> <span class='ocrx_word' id='word_1_314' title='bbox 1236 4601 1281 4663; x_wconf 88' lang='lat' dir='ltr'>Et</span> <span class='ocrx_word' id='word_1_315' title='bbox 1299 4601 1486 4682; x_wconf 89' lang='lat' dir='ltr'>injunctum</span> 
     </span>
     <span class='ocr_line' id='line_1_38' title="bbox 230 4704 1487 4789; baseline -0.002 -19"><span class='ocrx_word' id='word_1_316' title='bbox 230 4717 280 4770; x_wconf 89' lang='lat' dir='ltr'>est</span> <span class='ocrx_word' id='word_1_317' title='bbox 303 4705 413 4768; x_wconf 90' lang='lat' dir='ltr'>eidem</span> <span class='ocrx_word' id='word_1_318' title='bbox 438 4715 475 4769; x_wconf 91' lang='lat' dir='ltr'>ut</span> <span class='ocrx_word' id='word_1_319' title='bbox 498 4705 605 4769; x_wconf 82' lang='lat' dir='ltr'>scolas</span> <span class='ocrx_word' id='word_1_320' title='bbox 629 4705 826 4789; x_wconf 86' lang='lat' dir='ltr'>frequentat,</span> <span class='ocrx_word' id='word_1_321' title='bbox 850 4705 996 4788; x_wconf 90' lang='lat' dir='ltr'>alioquin</span> <span class='ocrx_word' id='word_1_322' title='bbox 1020 4704 1177 4768; x_wconf 89' lang='lat' dir='ltr'>dominus</span> <span class='ocrx_word' id='word_1_323' title='bbox 1210 4704 1398 4786; x_wconf 90' lang='lat' dir='ltr'>Episcopus</span> <span class='ocrx_word' id='word_1_324' title='bbox 1429 4726 1487 4787; x_wconf 90' lang='lat' dir='ltr'>per</span> 
     </span>
     <span class='ocr_line' id='line_1_39' title="bbox 231 4807 1488 4894; baseline -0.002 -20"><span class='ocrx_word' id='word_1_325' title='bbox 231 4809 431 4875; x_wconf 87' lang='lat' dir='ltr'>sententiam</span> <span class='ocrx_word' id='word_1_326' title='bbox 460 4807 530 4890; x_wconf 91' lang='lat' dir='ltr'>jam</span> <span class='ocrx_word' id='word_1_327' title='bbox 561 4809 664 4873; x_wconf 91' lang='lat' dir='ltr'>latam</span> <span class='ocrx_word' id='word_1_328' title='bbox 696 4811 805 4893; x_wconf 91' lang='lat' dir='ltr'>ipsum</span> <span class='ocrx_word' id='word_1_329' title='bbox 845 4808 988 4894; x_wconf 89' lang='lat' dir='ltr'>privabit</span> <span class='ocrx_word' id='word_1_330' title='bbox 1025 4809 1164 4872; x_wconf 89' lang='lat' dir='ltr'>ecclesia</span> <span class='ocrx_word' id='word_1_331' title='bbox 1203 4818 1394 4872; x_wconf 85' lang='lat' dir='ltr'>memorata</span> <span class='ocrx_word' id='word_1_332' title='bbox 1442 4809 1488 4872; x_wconf 91' lang='lat' dir='ltr'>Et</span> 
     </span>
     <span class='ocr_line' id='line_1_40' title="bbox 231 4908 1488 4997; baseline -0.001 -20"><span class='ocrx_word' id='word_1_333' title='bbox 231 4912 418 4996; x_wconf 91' lang='lat' dir='ltr'>injunctum</span> <span class='ocrx_word' id='word_1_334' title='bbox 441 4921 493 4976; x_wconf 90' lang='lat' dir='ltr'>est</span> <span class='ocrx_word' id='word_1_335' title='bbox 517 4912 660 4977; x_wconf 89' lang='lat' dir='ltr'>Officiali</span> <span class='ocrx_word' id='word_1_336' title='bbox 684 4915 829 4997; x_wconf 92' lang='lat' dir='ltr'>presenti</span> <span class='ocrx_word' id='word_1_337' title='bbox 853 4923 899 4991; x_wconf 92' lang='lat' dir='ltr'>ut,</span> <span class='ocrx_word' id='word_1_338' title='bbox 922 4923 982 4977; x_wconf 89' lang='lat' dir='ltr'>etc.</span> <span class='ocrx_word' id='word_1_339' title='bbox 1030 4913 1155 4977; x_wconf 89' lang='lat' dir='ltr'>Actum</span> <span class='ocrx_word' id='word_1_340' title='bbox 1180 4922 1279 4975; x_wconf 89' lang='lat' dir='ltr'>sexto</span> <span class='ocrx_word' id='word_1_341' title='bbox 1300 4908 1438 4990; x_wconf 81' lang='lat' dir='ltr'>[altered</span> <span class='ocrx_word' id='word_1_342' title='bbox 1457 4922 1488 4976; x_wconf 87' lang='lat' dir='ltr'>te</span> 
     </span>
     <span class='ocr_line' id='line_1_41' title="bbox 231 5015 745 5100; baseline -0.002 -19"><span class='ocrx_word' id='word_1_343' title='bbox 231 5015 364 5100; x_wconf 87' lang='lat' dir='ltr'>octavo]</span> <span class='ocrx_word' id='word_1_344' title='bbox 387 5015 560 5085; x_wconf 81' lang='lat' dir='ltr'>Kalendas</span> <span class='ocrx_word' id='word_1_345' title='bbox 580 5017 745 5082; x_wconf 90' lang='lat' dir='ltr'>Octobris.</span> 
     </span>
    </p>
   </div>
   <div class='ocr_carea' id='block_1_12' title="bbox 0 0 1817 5642">
    <p class='ocr_par' dir='ltr' id='par_1_12' title="bbox 0 0 1817 5642">
     <span class='ocr_line' id='line_1_42' title="bbox 0 0 1817 5642; baseline 0 0"><span class='ocrx_word' id='word_1_346' title='bbox 0 0 1817 5642; x_wconf 95' lang='lat' dir='ltr'> </span> 
     </span>
    </p>
   </div>
  </div>
 </body>
</html>
