3609 5642
608 537 788 634 Episcopi
809 537 1093 612 Lz'ncolnz'enszs.
1412 560 1479 627 119

216 770 322 840 [Hugh
342 772 377 826 de
398 773 558 835 Ti'citemers,
577 772 656 837 cleri,
675 774 701 825 is
722 773 869 826 instituted
889 779 917 827 to
935 774 981 826 the
999 772 1100 827 church
1118 773 1155 841 os
1170 769 1354 830 Titcitmarsii,
1375 785 1412 824 on
1434 768 1480 822 tite

276 855 468 923 presentation
476 853 681 923 ofHoscelinus
688 855 722 908 dc
734 855 935 924 Siddenltam’.]

305 941 700 1023 TYCHEMERS.-Hugo
722 940 766 1005 de
789 940 992 1017 TichemerS,
1016 940 1162 1016 clericus,
1186 948 1396 1022 presentatus
1420 959 1479 1022 per

219 1043 439 1108 Hascelinum
463 1045 505 1108 de
528 1044 755 1122 Siddenham',
775 1045 925 1121 militem,
945 1045 987 1108 ad
1010 1044 1185 1108 ecclesiam
1207 1042 1250 1107 de
1276 1042 1480 1120 Tichemers,

218 1147 307 1212 facta
337 1149 427 1231 prius
462 1149 676 1229 inquisitione
712 1169 771 1231 per
808 1149 856 1226 R,
895 1147 1083 1213 Officialem
1115 1146 1353 1211 Archidiaconi
1393 1147 1478 1210 Nor·

218 1249 422 1334 hamptonie,
439 1271 498 1334 per
515 1271 625 1333 quam,
641 1261 711 1328 etc,
727 1251 893 1315 admissus
916 1260 968 1315 est
988 1261 1021 1315 et
1043 1251 1136 1314 inea
1156 1249 1316 1313 canonice
1338 1269 1480 1331 persona

218 1355 411 1433 institutus;
443 1356 491 1419 ita
519 1355 655 1439 quidem
687 1355 777 1439 quod
808 1355 871 1418 nisi
902 1355 945 1418 ad
977 1356 1151 1439 proximos
1188 1354 1322 1418 ordines
1352 1353 1479 1417 domini

219 1457 379 1540 Episcopi
397 1467 472 1540 post
485 1458 704 1522 Nativitatem
717 1459 819 1522 Beate
831 1458 981 1542 Virginis
996 1479 1085 1522 anno
1098 1455 1312 1541 pontificatus
1327 1455 1478 1539 ejusdem

217 1560 345 1624 domini
363 1571 445 1625 xv¹¹¹⁰
466 1563 577 1626 veniat
593 1562 798 1627 ordinandus
822 1563 855 1625 in
878 1561 1120 1625 subdiaconum
1145 1571 1179 1625 et
1202 1560 1265 1624 nisi
1288 1560 1395 1624 scolas
1419 1560 1480 1624 fre-

217 1675 357 1747 quentet
371 1675 406 1729 et
421 1677 555 1731 cantare
578 1665 739 1745 addiscat,
762 1666 988 1750 appellatione
1009 1676 1044 1731 et
1060 1665 1325 1729 contradictione
1348 1685 1480 1728 cessan-

218 1769 316 1847 tibus,
330 1770 470 1834 ecclesia
485 1771 557 1854 ipsa
573 1770 740 1854 spolietur.
788 1770 833 1834 Et
845 1770 1043 1835 mandatum
1056 1780 1108 1834 est
1118 1769 1210 1833 dicto
1223 1768 1481 1847 Archidiacono,

219 1883 281 1937 etc

223 2044 360 2112 [Thomas
370 2045 405 2098 de
415 2045 556 2114 Sanforci,
568 2044 647 2104 cleri,
659 2047 685 2098 is
701 2045 847 2098 instituted
855 2049 882 2098 to
893 2045 938 2098 tite
949 2045 1049 2099 thurci
1066 2045 1102 2112 of
1119 2043 1376 2112 WoodsordHolse,
1389 2059 1425 2097 on
1437 2043 1483 2098 tlte

278 2129 468 2195 presentation
480 2127 515 2195 of
526 2127 572 2180 tite
582 2127 672 2180 Abbot
681 2127 741 2179 and
753 2127 879 2180 Convent
890 2127 926 2195 of
933 2127 1078 2196 Rocester]

307 2222 750 2305 WUDEFORD.—Magister
769 2221 919 2286 Thomas
941 2222 985 2286 de
1009 2221 1163 2298 Saniord,
1185 2221 1333 2297 clericus,
1349 2241 1482 2304 presen-

218 2336 309 2390 tatus
332 2347 391 2410 per
415 2325 584 2390 Abbatem
608 2335 642 2389 et
665 2336 867 2390 conventum
891 2325 935 2391 de
959 2326 1157 2391 Roucestria
1172 2325 1215 2389 ad
1238 2325 1414 2389 ecclesiam
1437 2324 1481 2389 de

221 2429 425 2508 Wudesord’,
449 2429 538 2494 facta
564 2430 655 2513 prius
680 2431 895 2512 inquisitione
923 2452 981 2514 per
1005 2432 1054 2507 R,
1081 2429 1368 2494 Archidiaconum
1398 2430 1483 2492 Nor-

220 2532 424 2616 bamptonie,
441 2554 618 2617 perquam
635 2534 818 2617 negotium,
834 2544 906 2611 etc,
921 2534 1087 2598 admissus
1102 2544 1153 2598 est
1168 2543 1202 2596 et
1219 2534 1252 2596 in
1270 2553 1310 2596 ea
1324 2533 1484 2597 canonice

220 2657 363 2720 persona
388 2638 581 2714 institutus;
603 2647 638 2701 et
661 2637 849 2719 injunctum
872 2648 924 2702 est
946 2639 1055 2702 eidem
1079 2638 1142 2701 sub
1164 2637 1280 2701 debito
1301 2637 1481 2720 juramenti

219 2740 357 2822 prestiti,
373 2751 410 2804 ut
433 2739 475 2804 ad
493 2742 666 2824 proximos
689 2740 822 2805 ordines
845 2741 973 2805 domini
999 2742 1158 2824 Episcopi
1182 2740 1400 2804 celebrandos
1424 2761 1484 2822 per

222 2842 286 2906 Dei
310 2845 452 2926 gratiam
477 2854 554 2908 ante
580 2845 703 2909 Natale
728 2846 865 2908 Domini
889 2867 979 2909 anno
1002 2844 1217 2928 pontificatus
1239 2842 1390 2926 ejusdem
1412 2842 1483 2927 xvj⁰

221 2946 348 3030 [veniat
379 2949 412 3011 in
444 2949 686 3013 subdiaconum
718 2949 959 3033 ordinandus]¹.
1006 2951 1051 3013 Et
1082 2949 1279 3014 mandatum
1309 2959 1360 3012 est
1390 2948 1482 3013 dicto

223 3051 471 3117 Archidiacono
488 3063 533 3130 ut,
548 3063 610 3117 etc.
658 3053 892 3119 Subdiaconus
909 3065 967 3118 est

222 3255 369 3320 [Nicltolas
380 3255 413 3309 de
423 3256 488 3325 Say,
500 3256 669 3320 subdiacon
683 3257 708 3310 ir
718 3258 868 3311 instituted
876 3263 903 3311 to
914 3257 960 3311 tire
970 3257 1071 3311 chureii
1088 3257 1124 3325 of
1136 3256 1368 3321 lieston-Neston,
1386 3271 1422 3308 on
1439 3255 1486 3308 tiu

280 3339 471 3405 presentation
483 3340 519 3408 of
524 3337 624 3406 Hemy
636 3339 778 3404 Murcido]

310 3424 806 3489 ASTANESTON.-Nicholaus
830 3425 872 3489 de
900 3425 991 3507 Say,²
1016 3425 1249 3500 subdiaconus,
1272 3433 1484 3506 presentatus

221 3549 280 3612 per
298 3527 483 3592 Henricum
509 3528 659 3605 Murdac,
675 3529 826 3608 militem,
841 3530 884 3594 ad
908 3528 1082 3593 ecclesiam
1098 3529 1142 3593 de
1158 3526 1383 3602 Astaneston',
1397 3525 1486 3589 facta

220 3633 312 3716 prius
326 3631 539 3715 inquisitione
555 3652 614 3714 per
631 3632 679 3708 R,
697 3632 981 3697 Archidiaconum
999 3633 1030 3695 N
1034 3631 1275 3715 orhamptonie,
1292 3650 1350 3712 per
1372 3650 1484 3712 quam,

219 3745 293 3812 etc,
307 3735 351 3799 ad
367 3734 509 3799 eandem
526 3735 692 3799 admissus
714 3745 815 3800 estet
831 3736 865 3799 in
888 3757 930 3800 ea
952 3737 1112 3799 canonice
1135 3735 1306 3798 institutus
1330 3753 1479 3815 persona

222 3839 268 3903 Et
285 3838 483 3902 mandatum
501 3838 592 3903 dicto
610 3838 867 3917 Archidiacono,
883 3849 944 3904 etc.

217 4042 440 4108 [Bartholomew
455 4041 489 4096 de
507 4042 636 4107 Convi'lt,
650 4044 788 4114 citoplain,
802 4045 827 4097 is
842 4044 990 4098 instituted
1004 4048 1030 4097 to
1041 4043 1087 4096 tite
1101 4041 1201 4097 citurch
1216 4040 1252 4108 os
1261 4039 1483 4102 Editi-Weston,

286 4123 418 4188 Rutlond,
436 4140 472 4177 on
488 4123 534 4178 tite
544 4128 734 4193 presentattbn
745 4126 781 4194 of
793 4125 839 4178 the
849 4125 940 4178 Abbot
952 4125 1015 4178 and
1025 4125 1150 4178 Convcnt
1158 4123 1194 4190 of
1204 4120 1399 4182 Boschemille,
1413 4121 1484 4174 Nor·

288 4205 412 4273 mando]

310 4292 798 4359 WESTON'.-Bartholomeus
813 4296 856 4359 de
869 4294 1017 4371 Canvill’,
1032 4293 1257 4376 cappellanus,
1274 4300 1483 4373 presentatus

219 4417 282 4480 per
298 4395 470 4461 Abbatem
485 4407 520 4461 et
535 4408 738 4463 conventum
754 4400 797 4463 de
814 4398 1012 4463 Baukervill’
1025 4398 1067 4461 ad
1077 4397 1253 4462 ecclesiam
1266 4394 1308 4458 de
1324 4393 1483 4470 Weston',

221 4499 311 4564 lacta
331 4501 422 4583 prius
444 4499 658 4584 inquisitione
681 4524 741 4586 per
757 4504 806 4580 R,
822 4503 1106 4567 Archidiaconum
1133 4499 1408 4582 Norbamptonie,
1424 4519 1483 4581 per

220 4625 334 4688 quam,
349 4614 421 4682 ete,
437 4605 602 4669 admissus
624 4617 676 4671 est
698 4617 732 4671 et
756 4609 789 4671 in
812 4629 852 4671 ea
868 4607 1027 4672 canonice
1043 4625 1186 4689 persona
1208 4604 1387 4667 institutus.
1436 4603 1481 4666 Et

221 4708 419 4772 mandatum
435 4717 486 4772 est
501 4707 592 4773 dicto
609 4711 868 4789 Archidiac0n0,
883 4720 944 4774 etc.

227 4823 442 4830 ——·-—-—-
694 4827 716 4832 -.
738 4823 1094 4832 ——---...—--——--
1328 4821 1404 4828 m

285 4863 370 4914 ¹The
391 4825 482 4916 scribe
499 4866 551 4918 has
569 4867 706 4934 lorgotten
720 4825 804 4920 these
821 4868 929 4930 words;
948 4883 991 4936 cp.
1009 4867 1043 4929 ll,
1061 4879 1097 4918 12.
1133 4865 1157 4918 It
1169 4879 1229 4916 was
1246 4861 1409 4915 afterwards
1425 4861 1482 4916 dis-

217 4945 338 4998 covered
350 4946 410 5000 that
422 4946 546 5001 Thomas
558 4965 618 5002 was
631 4957 678 5002 not
693 4951 843 5003 ‘'clericus''
854 4951 905 5002 but
920 4946 1163 5002 ‘'subdiaconus'’.

287 5029 298 5058 ²
312 5027 459 5082 Miscalled
471 5029 505 5081 N.
516 5030 553 5083 de
566 5031 640 5100 Gray
651 5033 688 5099 by
701 5031 825 5099 Bridges,
838 5030 913 5084 Hist.
926 5030 1089 5084 Noniants,
