3609 5642
581 530 761 625 Episcopi
776 529 1059 600 Lz'ucolnz'ensis.
1405 548 1471 621 157

210 767 342 830 domini
357 768 461 850 Regis
472 766 719 830 continentibus
730 767 829 849 quod,
839 788 916 830 curn
929 768 1032 850 Hugo
1042 767 1085 830 de
1097 768 1239 850 Dingele
1249 769 1472 830 summonitus

210 880 302 934 esset
333 871 424 954 quod
455 881 542 934 esset
572 891 684 934 coram
717 870 907 951 justiciariis
941 871 1031 952 apud
1063 870 1397 934 westmonasterium
1429 871 1471 933 ad

212 974 462 1057 responendum
495 973 665 1036 Willelmo
691 973 733 1036 de
765 974 963 1056 Knapwelle
993 994 1095 1055 quare
1125 995 1193 1037 non
1221 975 1370 1056 permisit
1394 994 1471 1037 eum

213 1088 408 1162 presentare
424 1077 580 1141 idoneam
597 1098 773 1160 personam
784 1076 826 1139 ad
837 1077 1011 1141 ecclesiam
1024 1076 1067 1140 de
1078 1078 1105 1140 F
1107 1078 1283 1153 arendone,
1293 1099 1358 1160 que
1368 1089 1472 1152 vacat,

213 1193 287 1258 etc,
303 1181 393 1246 idern
410 1181 586 1245 Willemus
603 1183 693 1246 venit
710 1183 743 1244 in
764 1181 882 1244 eadem
903 1183 994 1244 curia
1009 1202 1121 1244 coram
1136 1180 1262 1244 eisdem
1282 1182 1471 1263 justiciariis

211 1297 249 1350 et
263 1286 423 1368 cognovit
440 1285 549 1348 eidem
573 1285 710 1366 Hugoni
731 1284 883 1347 ultimam
906 1286 1197 1366 presentationem,
1212 1296 1247 1348 et
1266 1287 1295 1348 ei
1315 1287 1471 1349 seisinam

212 1409 310 1452 suam
326 1389 500 1464 concessit,
516 1388 609 1451 salvo
625 1388 687 1451 sibi
709 1387 782 1468 jure
802 1409 863 1450 suo
879 1388 913 1449 in
934 1397 1104 1470 posterum
1129 1389 1155 1449 si
1180 1388 1258 1450 inde
1278 1389 1368 1470 loqui
1385 1389 1472 1463 velit,

212 1513 274 1575 per
289 1513 363 1574 que,
378 1491 501 1569 etc.,ad
517 1491 658 1555 eandem
670 1490 835 1554 admissus
851 1500 911 1566 est,
926 1500 986 1553 etc.
1034 1491 1079 1553 Et
1095 1490 1281 1571 injunctum
1297 1503 1348 1555 est
1363 1493 1471 1555 eidem

212 1595 359 1660 officiali
383 1595 527 1677 presenti
556 1605 601 1670 ut,
616 1606 677 1658 etc.
726 1595 918 1676 lnjunctum
943 1604 995 1657 est
1020 1595 1122 1658 etiam
1147 1594 1256 1657 eidem
1281 1596 1411 1659 Simoni
1435 1605 1472 1658 ut

210 1699 321 1762 scolas
337 1699 524 1781 frequentet
539 1709 572 1762 et
588 1698 742 1761 addiscat
761 1698 824 1761 sub
841 1717 929 1779 pena
944 1698 1095 1762 beneficii
1113 1699 1288 1761 amittendi
1306 1709 1340 1764 et
1356 1699 1472 1763 debito

209 1803 402 1884 juramenti.

220 2125 366 2192 [We'lliam
378 2126 412 2179 de
423 2125 582 2194 Bedeforde.
589 2125 737 2192 presented
745 2125 778 2192 by
788 2125 833 2177 tlte
850 2124 938 2178 Prior
954 2125 1015 2178 aud
1031 2126 1157 2178 Conveni
1164 2126 1200 2193 os
1206 2125 1388 2189 Keuilwortlr,
1400 2128 1476 2195 after

278 2224 296 2259 a
307 2207 417 2276 disputo
425 2207 510 2260 about
518 2207 563 2260 tlu
567 2210 734 2275 potrouage,
743 2209 768 2258 is
778 2206 924 2259 imtr'tuted
932 2211 959 2258 to
970 2206 1015 2259 tlte
1026 2205 1126 2259 chrcrclr
1134 2207 1169 2274 of
1175 2207 1284 2259 Borion
1295 2207 1457 2275 Scagrave]

303 2350 730 2414 unumne-willelmus
753 2349 796 2413 de
820 2349 1007 2413 Bedelorde
1023 2350 1159 2433 [olankj
1182 2362 1392 2432 presentatus
1416 2375 1473 2436 per

213 2455 364 2518 Priorem
384 2465 418 2518 et
440 2464 642 2518 conventum
666 2454 709 2517 de
727 2453 988 2517 Kenilleworthe
1007 2455 1051 2518 ad
1067 2454 1240 2518 ecclesiam
1257 2455 1300 2518 de
1320 2456 1473 2532 Bartone,

211 2561 303 2622 facta
318 2560 409 2641 prius
426 2558 640 2640 inquisitione
662 2579 721 2640 per
738 2557 980 2634 S.,0fficia1em
994 2559 1270 2640 Norhamptonie,
1288 2570 1322 2623 et
1333 2562 1473 2644 receptis

212 2665 332 2727 litteris
354 2662 482 2725 domini
507 2662 611 2744 Regis
635 2661 884 2725 continentibus
907 2660 1007 2742 quod,
1023 2681 1099 2724 cum
1125 2662 1300 2739 Henricus‚
1317 2665 1409 2727 Prior
1431 2665 1473 2729 de

213 2767 473 2844 Kenillewurde,
489 2768 700 2830 arramiasset
719 2767 858 2829 assisam
876 2765 993 2829 ultime
1009 2767 1265 2848 presentationis
1277 2767 1320 2831 de
1334 2769 1473 2833 ecclesia

212 2871 259 2935 de
277 2873 423 2936 Bartone
439 2893 552 2936 versus
577 2871 758 2935 Ricardum
780 2870 822 2934 de
849 2871 987 2934 Hanred
1012 2873 1045 2934 in
1068 2873 1159 2935 curia
1181 2872 1331 2953 ejusdem
1347 2873 1473 2937 domini

210 2997 326 3039 coram
341 2974 532 3056 justiciariis
548 2976 637 3058 apud
651 2976 889 3058 Notinghame,
902 2975 991 3038 idem
1010 2976 1174 3039 Ricardus
1191 2978 1224 3038 in
1241 2978 1368 3059 prefata
1383 2980 1474 3041 curia

209 3099 326 3143 coram
342 3079 468 3142 eisdem
483 3078 673 3160 justiciariis
691 3080 884 3160 recognovit
900 3078 1154 3142 advocationem
1170 3079 1320 3160 ejusdem
1336 3080 1474 3145 ecclesie

211 3204 287 3246 esse
309 3182 364 3263 jus
389 3183 528 3264 predicti
551 3183 672 3246 Prioris
694 3192 728 3246 et
751 3181 890 3245 ecclesie
917 3203 976 3244 sue
998 3181 1041 3245 de
1065 3182 1320 3260 Kenillewurde,
1342 3196 1376 3248 et
1398 3206 1472 3248 earn

211 3287 363 3369 quietam
380 3287 535 3350 clamavit
552 3307 612 3368 pro
628 3307 663 3349 se
678 3295 713 3348 et
728 3284 905 3348 heredibus
920 3286 988 3349 suis
1004 3286 1153 3367 predicto
1170 3288 1272 3351 Priori
1288 3298 1322 3351 et
1337 3289 1474 3352 ecclesie

212 3388 258 3453 de
276 3389 523 3454 Kenillewurde
546 3391 580 3452 in
601 3400 808 3472 perpetuum,
826 3410 884 3471 per
907 3410 981 3471 que,
997 3399 1068 3465 etc,
1085 3388 1126 3451 ad
1146 3390 1288 3453 eandem
1308 3391 1473 3454 admissus

211 3503 275 3570 est,
290 3504 351 3557 etc.
400 3494 444 3556 Et
468 3493 655 3573 injunctum
676 3502 727 3556 est
751 3492 895 3557 Officiali
920 3493 1070 3574 predicto
1090 3495 1234 3575 presenti
1259 3504 1302 3570 ut,
1321 3505 1381 3557 etc.
1429 3496 1473 3559 Et

212 3596 402 3661 notandum
419 3597 509 3678 quod
532 3597 693 3680 Magister
708 3596 760 3660 W.
777 3597 819 3659 de
841 3596 952 3673 Katil’,
971 3598 1060 3679 prius
1079 3597 1121 3659 ad
1142 3599 1283 3661 eandem
1299 3600 1473 3662 ecclesiam

214 3709 436 3784 presentatuS,
450 3699 514 3780 juri
531 3721 591 3762 suo
608 3701 815 3762 renuntiavit.

215 4119 311 4188 [Peter
319 4119 423 4186 Lupus,
435 4117 604 4178 sub-deam,
620 4117 770 4185 presented
783 4118 816 4185 by
834 4117 935 4170 Robert
952 4118 1056 4184 lupus,
1074 4119 1100 4169 is
1117 4118 1263 4171 imtituted
1270 4124 1297 4171 to
1308 4119 1353 4171 the
1360 4122 1473 4186 portion

279 4202 312 4253 iu
323 4201 368 4253 tlte
379 4199 479 4253 clrurclr
491 4200 527 4268 of
533 4199 627 4252 Roade
638 4200 729 4252 which
741 4199 842 4252 Robert
851 4199 885 4252 do
896 4199 1010 4252 Neuille
1021 4199 1081 4251 karl
1089 4199 1174 4265 uelo]

305 4345 585 4408 RODE.-Petrus
603 4343 726 4426 LupuS,
743 4344 975 4419 subdiaconus
989 4353 1196 4426 presentatus
1213 4365 1271 4426 per
1288 4345 1472 4408 Robertum

218 4451 352 4533 Lupum
369 4449 413 4513 ad
430 4449 520 4512 illam
537 4451 724 4531 portionem
742 4450 775 4512 in
791 4449 931 4513 ecclesia
946 4450 989 4512 de
1006 4449 1102 4512 Rode
1117 4470 1183 4531 que
1198 4449 1260 4512 fuit
1277 4450 1414 4513 Roberti
1430 4449 1473 4513 de

217 4553 357 4630 Neville,
373 4552 462 4615 facta
485 4555 574 4635 prius
598 4553 811 4634 inquisitione
836 4573 896 4635 per
920 4553 962 4628 S,
986 4551 1173 4616 Officialem
1199 4552 1475 4635 Norhamptonie,

218 4678 276 4740 per
299 4677 412 4738 quam,
435 4665 505 4732 etc,
531 4655 574 4718 ad
597 4656 740 4719 eandem
768 4655 935 4719 admissus
959 4665 1019 4731 est,
1043 4666 1104 4719 etc.
1151 4656 1196 4718 Et
1220 4655 1404 4736 injunctum
1423 4668 1474 4720 est

216 4759 326 4823 eidem
345 4759 490 4823 Officiali
508 4760 652 4842 presenti
677 4768 722 4835 ut,
741 4769 802 4822 etc.
851 4759 1043 4841 lnjunctum
1059 4770 1110 4822 est
1132 4759 1233 4822 etiam
1250 4759 1358 4822 eidem
1377 4762 1476 4823 Petro

216 4863 307 4946 quod
324 4863 433 4926 scolas
458 4863 645 4944 frequentet
665 4873 698 4926 et
721 4862 893 4938 addiscat3
917 4874 951 4926 et
974 4864 1008 4924 in
1032 4862 1096 4925 fine
1117 4864 1195 4926 anni
1219 4863 1330 4927 veniat
1345 4865 1473 4928 exami-

218 4967 358 5031 nandus
