3609 5642
587 557 766 654 Episcopi
788 556 1072 629 Ltitcolnz'enst's.

265 964 362 1034 [Mem.
375 981 395 1028 1,
406 964 543 1017 detached
555 963 625 1016 from
637 963 685 1016 the
694 963 768 1028 Roll;
780 964 828 1015 the
841 963 927 1014 lower
939 970 998 1030 part
1010 970 1090 1015 caten
1104 978 1183 1030 away
1194 979 1230 1015 on
1244 966 1290 1015 the
1302 964 1373 1031 right
1386 964 1460 1016 hand

204 1046 282 1111 side]

205 1202 542 1331 telletum:
605 1209 821 1366 &leuitt
886 1209 1104 1320 ortinott
1170 1210 1459 1321 auctorate

714 1388 955 1511 donatii,

304 1616 490 1680 ECCLESIE
536 1615 689 1678 PRIORIS
727 1626 775 1675 ET
811 1624 1093 1676 CANONICORUM
1132 1625 1181 1675 DE
1221 1612 1357 1677 LANDA

680 1716 845 1797 (Lounda,
867 1716 994 1795 Luca).

203 1853 351 1917 [william.
371 1852 509 1921 chaplain,
529 1854 554 1905 is
572 1850 719 1905 instituted
732 1851 814 1903 m'car
827 1850 863 1917 os
880 1848 1208 1917 Fnsby—on-tlteWraeak.
1247 1848 1303 1904 The
1320 1852 1458 1919 vioaragc,

266 1943 356 1996 worth
368 1961 386 2007 4
396 1942 497 2006 marks,
511 1945 537 1995 is
547 1941 703 2011 describat]

290 2061 640 2126 Fumant—Vicetia
676 2059 815 2123 ecclesie
851 2058 894 2122 de
941 2059 968 2121 F
970 2058 1079 2140 riseby
1117 2060 1269 2123 consistit
1308 2061 1340 2123 in
1386 2070 1459 2125 toto

204 2166 367 2249 altaragio
397 2186 471 2229 cum
497 2185 615 2228 manso
637 2172 851 2247 competente
873 2161 1098 2245 assignand0;
1123 2172 1157 2226 et
1180 2163 1287 2228 solvet
1318 2164 1459 2229 vicarius

203 2280 335 2334 tantum
350 2268 522 2333 sinodalia.
568 2268 766 2344 Willelmus,
781 2266 983 2349 capellanus,
1001 2275 1210 2350 presentatus
1226 2289 1286 2350 per
1311 2269 1457 2333 Priorem

203 2384 235 2438 et
264 2382 469 2437 conventum
500 2372 543 2436 de
575 2372 694 2436 Landa
719 2371 762 2434 ad
786 2370 930 2434 eandem
958 2370 1124 2448 vicariam,
1150 2371 1316 2435 admissus
1345 2383 1396 2435 est
1426 2382 1460 2436 et

203 2477 344 2541 vicarius
366 2485 547 2559 perpetuus
570 2477 750 2551 institutus,
772 2494 849 2537 cum
872 2494 973 2538 onere
994 2483 1030 2537 et
1052 2494 1139 2557 pena
1162 2474 1367 2539 vicariorum.
1414 2476 1460 2540 Et

203 2579 390 2661 injunctum
412 2590 464 2643 est
489 2560 735 2643 Archidiacono
760 2577 964 2654 Leircestrie‚
987 2586 1048 2641 etc.
1095 2576 1141 2641 Et
1163 2577 1252 2642 valet
1275 2578 1396 2641 vicaria
1412 2578 1457 2660 iiij

205 2704 342 2748 marcas.

202 2956 273 3021 [The
283 2958 417 3024 vrtarage
424 2957 461 3024 os
466 2956 651 3024 Loddington‚
662 2954 753 3008 worth
764 2972 781 3021 9
793 2952 894 3017 marks,
908 2954 932 3007 is
944 2952 1100 3023 rtesm'bedi

291 3074 730 3139 LOD1NTONE.-Vicarius
753 3083 933 3157 perpetuus
956 3073 1092 3137 habebit
1108 3074 1243 3138 nomine
1267 3076 1387 3138 vicarie
1402 3096 1460 3140 sue

202 3180 263 3244 sibi
287 3190 324 3243 et
348 3179 468 3243 clerico
494 3199 556 3242 suo
586 3177 805 3241 sufficientem
833 3177 1077 3240 exhibitionem
1102 3178 1208 3241 victus
1238 3178 1280 3241 ad
1308 3199 1460 3247 mensam

202 3284 439 3347 canonicorum
471 3294 508 3346 ut
538 3283 678 3346 vicarius
708 3281 874 3359 secularis,
910 3291 945 3345 et
976 3282 1155 3365 lorragium
1186 3281 1228 3345 ad
1261 3283 1459 3366 palefridum

201 3408 310 3464 suum,
332 3396 367 3451 et
391 3386 595 3470 prebendam
618 3385 754 3469 quando
778 3386 851 3449 ierit
874 3384 917 3448 ad
944 3385 1098 3449 sinodum
1122 3394 1156 3449 et
1183 3386 1226 3448 ad
1250 3388 1404 3470 capitula,
1427 3399 1461 3453 et

201 3502 355 3574 preterea
384 3490 502 3574 viginti
541 3489 665 3552 solidos
695 3508 825 3552 annuos
857 3509 916 3571 pro
946 3488 1128 3571 stipendiis.
1178 3490 1326 3554 Habebit
1356 3494 1459 3556 etiam

201 3594 389 3661 secundum
416 3594 564 3677 legatum
590 3590 763 3675 usquead
789 3612 955 3655 summam
979 3612 1040 3657 sex
1064 3592 1285 3673 denariorum,
1308 3605 1343 3658 et
1369 3596 1459 3679 quod

202 3699 289 3764 ultra
304 3699 368 3763 erit
390 3718 466 3761 cum
490 3697 589 3761 dictis
611 3696 780 3759 canonicis
802 3695 1000 3760 dimidiabit
1047 3696 1093 3760 Et
1109 3696 1245 3761 habebit
1267 3699 1300 3761 in
1317 3710 1461 3781 quatuor

202 3802 386 3885 majoribus
401 3799 705 3883 sollempnitatibus
720 3798 907 3862 oblationes
923 3810 1108 3877 consuetas,
1123 3810 1157 3865 et
1174 3821 1233 3883 pro
1249 3802 1459 3885 sponsalibus

201 3927 306 3969 unum
322 3904 508 3981 denarium,
524 3924 584 3986 pro
603 3923 741 3986 corpore
758 3904 903 3985 presenti
920 3922 1023 3966 unum
1044 3902 1227 3981 denarium,
1247 3915 1281 3968 et
1304 3926 1457 3970 mansum

201 4018 451 4094 competentem
478 4010 509 4072 ei
536 4007 783 4091 assignandum.
840 4008 991 4071 Ecclesia
1017 4027 1093 4071 cum
1124 4007 1293 4072 dominico
1323 4012 1457 4073 canoni·
1558 3998 1562 4008 ’

202 4134 316 4178 corum
331 4112 421 4177 valet
437 4114 473 4177 ix
490 4133 625 4177 marcas.

204 4386 321 4457 [Hem.
330 4386 471 4455 chaplar'n,
482 4388 508 4439 ts
517 4386 664 4441 instituted
670 4388 751 4440 mour
766 4387 803 4454 os
812 4386 914 4439 tillon.
952 4385 1008 4439 The
1018 4387 1157 4454 vicarage,
1175 4386 1264 4440 worth
1276 4404 1309 4439 12
1320 4387 1421 4449 marks,
1433 4390 1459 4441 is

264 4468 421 4537 dammi

289 4589 652 4653 TILTONE.—Vicaria
674 4588 813 4652 ecclesie
835 4588 879 4651 de
901 4587 1036 4651 Tiltone
1059 4588 1212 4651 consistit
1234 4588 1267 4650 in
1284 4597 1356 4651 toto
1374 4588 1456 4652 alta-

203 4694 294 4777 ragio
309 4692 461 4775 ejusdem
471 4694 609 4757 ecclesie
621 4713 697 4756 cum
709 4691 795 4756 tosto
807 4700 1020 4773 competente
1031 4690 1243 4773 assignando,
1258 4701 1292 4753 et
1308 4703 1457 4774 preterea

204 4796 235 4858 in
261 4794 402 4859 dimidia
426 4816 539 4860 marca
561 4816 672 4860 annua
695 4797 728 4857 in
755 4803 846 4858 certa
870 4796 1024 4876 portione
1046 4793 1269 4877 assignanda3
1293 4804 1328 4858 et
1350 4794 1456 4861 solvet

146 4886 151 4896 ’
203 4899 343 4963 vicarius
365 4899 529 4964 sinodalia
551 4911 691 4963 tantum.
739 4898 915 4975 Henricus,
937 4897 1137 4981 capellanus,
1161 4896 1326 4960 admissus
1348 4910 1399 4962 est
1421 4908 1455 4963 et

203 5002 347 5082 vicarius
358 5014 539 5086 perpetuus
553 5002 733 5067 institutus.
780 5001 932 5065 Ecclesia
947 5000 1034 5064 valet
1050 5000 1098 5083 xij
1116 5020 1251 5064 marcas.

261 5108 333 5162 Voc.
348 5110 383 5162 11.
1372 5122 1390 5161 τ
