3609 5642
327 599 371 655 22
673 580 809 659 Retule'
824 580 1001 682 Hngunis
1018 581 1062 660 de
1088 581 1221 660 Welles

321 818 435 888 [neren
450 819 484 874 re
498 820 715 884 serereeweeue,
733 821 870 890 crepam,
886 823 1038 891 presented
1051 823 1084 892 ry
1099 823 1191 892 cryee
1208 823 1310 882 nerent,
1321 839 1411 877 eeneee
1424 823 1577 893 escarum,

389 907 476 955 rector
483 902 520 970 of
525 903 652 970 Shr'pton,
665 903 735 956 with
747 904 792 957 tlte
803 909 915 958 curarent
924 906 961 973 os
966 906 1012 959 tlte
1017 908 1143 973 patrone,
1156 907 1182 958 is
1192 905 1491 974 instr'tntedperpetnal
1500 906 1582 959 vicar

389 983 836 1055 essnepton-eender-Wycnwood.
874 986 931 1039 Tne
941 986 1275 1056 vicaragerirdesmbed]

412 1103 601 1169 SCIPTONE
617 1105 1003 1170 VICARIA.-Robertus
1019 1107 1062 1171 de
1080 1106 1340 1184 Briclesworthe,
1351 1106 1579 1190 cappellanus,

324 1217 533 1291 presentatus
550 1228 608 1292 per
621 1208 742 1292 Elyam
757 1209 877 1273 Ridell’
886 1211 1084 1273 canonicum
1098 1209 1404 1287 Sarresbiriensem‚
1415 1221 1577 1275 rectorem

323 1311 461 1376 ecclesie
477 1311 669 1395 Schiptone‚
685 1313 881 1377 venerabilis
897 1313 1006 1377 fratris
1026 1314 1065 1377 R.
1083 1313 1351 1379 Sarresbiriensis
1368 1313 1527 1397 Episcopi
1544 1323 1579 1379 et

325 1416 367 1479 A.
392 1414 435 1480 de
462 1415 657 1500 Brimptone
682 1417 805 1493 militie,
827 1416 978 1497 ejusdem
1009 1416 1147 1480 ecclesie
1173 1417 1315 1500 patroni,
1338 1417 1578 1482 interveniente

323 1541 497 1597 consensu,
512 1519 555 1583 ad
571 1529 766 1604 perpetuam
791 1520 893 1603 ipsius
916 1521 1054 1584 ecclesie
1077 1520 1234 1584 vicariam
1258 1529 1411 1584 taxatam
1435 1521 1578 1585 auctori-

323 1634 393 1693 tate
413 1624 640 1688 ordinationis
670 1623 757 1688 facte
788 1625 872 1688 inter
902 1624 1089 1706 prebendas
1120 1622 1164 1687 de
1196 1623 1440 1688 Briklesworth¹
1470 1635 1505 1688 et
1534 1624 1577 1688 de

325 1728 517 1811 Schiptone‚
541 1728 629 1792 lacta
650 1729 741 1811 prius
765 1728 978 1812 inquisitione
999 1749 1057 1811 per
1077 1729 1128 1805 Α.,
1148 1728 1431 1793 Archidiaconum
1456 1729 1579 1806 Oxon',

323 1853 507 1916 perquam,
522 1843 592 1910 etc,
608 1832 774 1897 admissus
788 1843 840 1897 est
855 1843 889 1896 et
906 1835 939 1896 in
955 1853 1086 1896 cacum
1103 1853 1203 1896 onere
1219 1844 1253 1898 et
1269 1854 1356 1917 pena
1368 1833 1577 1911 vicariorum,

322 1949 382 2002 etc.
429 1937 591 2002 Consistit
606 1947 718 2001 autem
735 1938 807 2020 ipsa
823 1938 945 2001 vicaria
961 1938 993 2000 in
1011 1956 1077 2001 una
1092 1937 1222 2020 virgata
1238 1948 1324 2001 terre
1347 1957 1424 2000 cum
1450 1957 1577 2014 mans0‚

322 2042 379 2124 qui
392 2041 454 2104 suit
470 2040 531 2118 W..
546 2039 717 2123 quondam
734 2039 885 2121 ejusdem
910 2040 973 2104 loci
989 2038 1116 2116 decani,
1131 2051 1166 2104 et
1182 2041 1215 2102 in
1238 2041 1377 2105 decimis
1400 2039 1577 2124 garbarum

321 2167 346 2209 x
363 2146 564 2228 virgatarum
589 2155 674 2209 terre
697 2145 739 2209 de
762 2144 931 2208 dominico
958 2145 1109 2208 canonici
1135 2143 1287 2226 ejusdem
1311 2144 1450 2208 ecclesie
1473 2154 1507 2208 et
1533 2144 1577 2208 de

321 2251 521 2340 tenementis
536 2248 710 2312 hominum
727 2269 871 2326 suorum,
886 2260 921 2313 et
945 2249 977 2312 in
1002 2247 1141 2312 decimis
1164 2249 1240 2312 lane
1262 2259 1297 2312 et
1319 2248 1576 2313 obventionibus

320 2354 566 2446 confessionum
583 2354 615 2416 in
632 2353 887 2436 quadragesima
902 2362 938 2417 et
952 2353 1109 2416 omnibus
1124 2352 1350 2417 oblationibus
1366 2351 1432 2416 diei
1449 2351 1576 2415 Pasche

319 2468 353 2521 et
379 2458 412 2521 in
437 2457 639 2522 obventione
666 2458 761 2540 panis
788 2456 830 2520 ad
855 2457 960 2521 altare
984 2477 1043 2540 per
1069 2467 1178 2521 totum
1202 2476 1329 2520 annum
1353 2466 1499 2538 excepto
1521 2454 1576 2519 die

321 2562 539 2649 Parasceves;
571 2571 605 2624 et
636 2560 725 2624 valet
748 2561 870 2624 vicaria
894 2582 921 2624 c.
948 2560 1095 2624 solidos:
1128 2560 1269 2624 vicarius
1296 2570 1408 2624 autem
1439 2558 1576 2623 habebit

318 2664 552 2748 cappellanum
568 2665 696 2727 socium
713 2665 745 2726 in
762 2663 852 2729 dicta
868 2664 1042 2746 parrochia
1065 2683 1179 2727 secum
1203 2664 1361 2726 continue
1385 2662 1574 2726 ministran-

319 2777 395 2832 tem.
442 2766 630 2831 Canonicus
646 2788 724 2832 vero
741 2769 901 2851 percipiet
917 2768 1030 2830 omnia
1045 2767 1112 2830 alia
1122 2767 1351 2830 emolumenta
1366 2777 1401 2830 et
1416 2765 1574 2830 idoneum

318 2868 473 2932 clericum
491 2867 644 2944 inveniet,
660 2877 693 2932 et
713 2869 827 2931 omnia
841 2867 908 2931 alia
923 2887 1025 2933 onera
1040 2866 1218 2931 sustinebit
1232 2888 1239 2944 ;
1262 2877 1297 2930 et
1321 2865 1507 2948 injunctum
1523 2875 1575 2929 est

318 2972 410 3037 dicto
426 2970 674 3035 Archidiacono
691 2981 737 3048 ut,
752 2982 813 3036 etc.

317 3141 441 3211 [6ἰῶαῆ
453 3157 504 3195 son
520 3141 556 3210 os
566 3141 671 3204 Robert,
684 3141 852 3202 sub-drawn,
863 3143 1012 3210 presented
1027 3141 1060 3211 by
1076 3142 1170 3211 Ralplr
1185 3157 1236 3194 son
1251 3142 1288 3210 of
1300 3139 1406 3202 Robert,
1422 3141 1448 3193 is
1465 3141 1576 3211 instn’pe·

382 3222 429 3276 ted
437 3226 545 3291 parson
562 3223 598 3292 os
614 3221 799 3291 Wiggr'nton.]

403 3333 881 3398 WIGINTONE.-Gilebertus
905 3332 1003 3397 filius'
1017 3333 1165 3410 Roberti,
1188 3331 1421 3410 subdiaconus,
1437 3353 1571 3416 presen·
1617 3361 1620 3364 ⁴

316 3447 404 3503 tatus
420 3457 480 3521 per
496 3436 677 3501 Radulfum
695 3437 798 3501 filium
816 3438 956 3502 Roberti
972 3438 1015 3500 ad
1031 3436 1205 3500 ecclesiam
1221 3436 1264 3500 de
1280 3437 1499 3520 Wigingtone
1514 3457 1573 3520 per

316 3541 573 3624 resignationem
591 3541 745 3605 Widonis
760 3543 817 3625 qui
840 3562 916 3605 eam
932 3543 1023 3624 prius
1046 3541 1153 3605 tenuit
1169 3551 1355 3618 vacantem,
1371 3541 1459 3604 sacta
1482 3541 1572 3624 prius

315 3645 529 3726 inquisitione
560 3666 619 3728 per
649 3645 700 3722 Α.,
727 3645 1010 3708 Archidiaconum
1043 3642 1165 3720 Oxon',
1186 3664 1246 3727 per
1276 3664 1387 3726 quarn,
1417 3653 1478 3708 etc.
1526 3644 1572 3708 Et

317 3745 515 3813 mandatum
530 3757 583 3811 est
598 3748 690 3812 dicto
706 3748 954 3812 Archidiacono
970 3758 1015 3825 ut,
1030 3759 1091 3812 etc.

317 3935 439 4004 [Walter
446 3935 482 4003 of
488 3935 528 3988 St.
541 3935 627 4004 Mary
638 3935 801 4004 Magdalen¹
814 3935 953 4003 chaplar'n,
959 3935 1108 4004 presented
1119 3935 1152 4004 by
1164 3936 1209 3989 thr
1219 3935 1322 3989 Abbess
1336 3934 1398 3989 and
1408 3934 1535 3988 Conveni
1542 3936 1579 4004 os

384 4015 520 4080 Godstow,
533 4017 559 4069 is
569 4017 715 4070 parented
721 4018 870 4084 perpetual
882 4018 1006 4086 vicaros
1017 4018 1058 4070 St.
1078 4015 1160 4080 Giles,
1175 4015 1292 4085 an'ord.
1311 4009 1386 4071 'The
1401 4017 1534 4085 arcange
1549 4016 1574 4069 ἐς

380 4097 537 4165 desem]

405 4210 548 4276 SANCTI
572 4209 708 4286 EGIDII,
732 4209 1078 4275 oxou’.-wa1terus
1092 4209 1135 4274 de
1152 4210 1278 4275 Sancta
1302 4209 1410 4273 Maria
1431 4208 1571 4294 Magda-

317 4314 401 4389 lena,
438 4313 662 4397 cappellanus,
693 4324 901 4396 presentatus
939 4314 980 4377 ad
1012 4314 1168 4377 vicariam
1206 4323 1401 4397 perpetuam
1432 4312 1571 4377 ecclesie

317 4418 423 4480 sancti
441 4416 562 4500 Egidii,
578 4416 700 4494 Oxon’,
717 4437 775 4499 per
791 4417 1009 4481 Abbatissam
1025 4425 1060 4480 et
1075 4426 1278 4481 conventum
1294 4417 1336 4479 de
1360 4414 1572 4494 Godestowe,

317 4520 515 4584 auctoritate
530 4519 669 4585 Concilii
693 4540 752 4603 per
769 4520 974 4603 Episcopum
998 4520 1196 4596 ordinatam,
1213 4519 1300 4582 sacta
1324 4519 1414 4601 prius
1436 4517 1572 4601 inquisi-

317 4625 408 4687 tione
430 4643 488 4705 per
505 4623 556 4700 Α.,
573 4622 854 4687 Archidiaconum
880 4621 1003 4700 Oxon’,
1019 4644 1078 4706 per
1099 4643 1211 4706 quam,
1226 4633 1297 4699 etc,
1314 4621 1487 4698 admissus,
1498 4632 1571 4698 etc,

318 4746 393 4791 cum
410 4747 509 4790 onere
531 4738 566 4791 et
581 4747 668 4810 pena
684 4727 890 4802 vicariorum,
905 4739 976 4804 etc,
991 4737 1025 4790 et
1050 4727 1246 4790 mandatum
1270 4735 1322 4790 est
1344 4725 1435 4789 dicto
1451 4725 1570 4789 Archi-

317 4830 467 4894 diacon0.
513 4832 676 4914 Percipiet
699 4842 810 4896 autem
836 4830 923 4894 idem
941 4831 1110 4895 Walterus
1132 4831 1273 4893 vicarius
1297 4830 1432 4893 nomine
1451 4829 1571 4894 vicarie

318 4957 376 4999 sue
393 4935 608 4999 medietatem
625 4935 727 4999 totius
743 4935 892 5016 alteragii
916 4955 993 4997 cum
1011 4945 1082 4998 tota
1097 4932 1228 4997 decima
1243 4943 1401 5010 ortorum,
1416 4933 1569 5016 exceptis

319 5041 404 5115 lana,
420 5038 487 5102 lino
499 5049 537 5104 et
553 5039 657 5122 agnis,
672 5049 705 5102 et
726 5049 870 5121 excepta
894 5037 1034 5102 candela
1058 5039 1092 5101 in
1116 5035 1172 5101 die
1200 5036 1445 5101 Purificacionis
1470 5037 1569 5101 beate
