3609 5642
677 576 814 650 Rotule'
836 576 1013 675 Hugonz's
1040 576 1083 650 ele
1118 578 1250 650 Welles

339 728 1336 737 ———.—-—-—.-.-.---..--—..---————-—-0--
1353 729 1543 743 ---,..-

334 828 475 881 mortem
502 817 638 880 Martini
669 817 712 880 de
745 817 959 894 Patteshulle,
989 817 1190 881 auctoritate
1217 816 1357 881 Concilii
1388 817 1540 894 contulit,
1562 818 1593 880 in

333 921 451 985 eadem
475 921 615 986 ecclesia
636 931 687 986 est
710 923 871 986 canonice
894 943 1037 1004 persona
1061 922 1242 999 institutus,
1258 922 1351 985 salvo
1374 921 1592 1003 imposterum

335 1025 461 1089 Abbati
488 1026 684 1090 leircestrie
709 1025 782 1107 jure
808 1025 1023 1108 presentandi
1051 1024 1092 1089 ad
1120 1025 1272 1089 eandem.
1319 1024 1365 1087 Et
1396 1023 1593 1088 mandatum

332 1137 384 1192 est
415 1130 464 1206 R,
491 1128 739 1193 Archidiacono
772 1129 968 1193 Leircestrie
999 1138 1044 1205 ut,
1068 1138 1128 1191 etc.
1176 1128 1304 1191 Datum
1335 1127 1426 1211 apud
1458 1127 1593 1211 Gilling’

333 1231 382 1313 xij
399 1231 560 1296 kalendas
577 1232 785 1295 Novembris

891 1353 1021 1369 -—

420 1405 488 1489 [On
504 1407 557 1469 tlte
570 1406 663 1470 dorse
676 1406 746 1489 .·-]

332 1523 452 1592 [Berge.
468 1524 539 1576 Nun
550 1525 586 1591 of
597 1524 732 1593 Langley,
744 1523 837 1586 letes,
849 1522 951 1577 elected
966 1522 1000 1592 by
1011 1523 1057 1577 tlte
1078 1523 1205 1577 Conveni
1223 1522 1258 1591 of
1270 1522 1403 1591 Laeegley.
1415 1524 1440 1575 is
1459 1522 1595 1575 adnutnd

390 1606 537 1686 pn'oress]

420 1704 539 1801 Burga
555 1717 710 1780 monialis
725 1716 767 1779 de
785 1717 1009 1799 Langeleghe,
1024 1717 1131 1780 electa
1148 1737 1206 1799 per
1220 1726 1422 1779 conventum
1439 1716 1590 1797 ejusdem

332 1821 395 1885 loci
417 1822 450 1884 in
473 1822 662 1904 priorissam
682 1821 771 1885 dicte
787 1821 916 1899 domus,
934 1822 1021 1884 lacta
1043 1821 1134 1905 prius
1158 1821 1372 1903 inquisitione
1391 1841 1449 1903 per
1467 1820 1591 1903 Magis-

332 1936 419 1990 trum
445 1925 507 2013 Tb.
534 1924 577 1989 de
601 1924 751 2001 Verdun,
776 1924 964 1989 Officialem
991 1924 1229 1988 Archidiaconi
1262 1924 1466 1999 Leircestrie,
1484 1934 1518 1987 et
1544 1922 1591 1999 G,

332 2030 508 2093 Decanum
526 2029 730 2105 Leircestrie,
746 2027 930 2092 secundum
951 2026 1107 2091 articulos
1126 2038 1313 2104 consuetos
1329 2038 1363 2090 et
1383 2027 1534 2090 Roberto
1549 2027 1591 2091 de

331 2133 535 2209 Tatteshale,
558 2134 662 2215 ipsius
686 2133 852 2215 prioratus
876 2142 1027 2215 patron0,
1050 2151 1148 2194 suum
1176 2129 1218 2193 ad
1248 2128 1280 2193 id
1309 2130 1490 2194 adhibente
1512 2152 1590 2194 con-

329 2257 474 2314 sensum,
490 2257 628 2319 perque
645 2237 816 2319 negotium
833 2236 895 2299 suit
912 2236 944 2297 in
961 2234 1132 2318 expedit0,
1148 2232 1295 2297 admissa
1311 2244 1362 2297 est
1382 2246 1416 2298 et
1438 2236 1590 2299 instituta

330 2341 490 2405 canonice
521 2341 689 2403 Priorissa.
737 2341 782 2403 Et
811 2324 1008 2403 mandatum
1037 2350 1088 2403 est
1117 2338 1366 2403 Archidiacono
1396 2338 1590 2403 leircestrie

329 2444 420 2528 quod
459 2445 546 2508 circa
584 2444 842 2509 installationem
883 2444 1041 2507 Priorisse
1081 2444 1230 2527 predicte
1267 2442 1358 2525 quod
1401 2463 1498 2506 suum
1540 2452 1589 2507 est

328 2557 524 2632 exequatur,
539 2548 717 2631 injungens
741 2548 920 2611 conventui
944 2558 978 2610 et
1001 2546 1074 2609 aliis
1098 2545 1250 2628 ejusdem
1271 2546 1391 2610 domus
1411 2546 1502 2629 quod
1527 2548 1588 2629 ipsi

330 2653 440 2735 Burge
471 2662 632 2735 tanquam
667 2653 822 2715 Priorisse
853 2672 913 2715 sue
949 2651 1015 2714 sint
1047 2652 1265 2734 imposterum
1305 2650 1518 2714 intendentes
1556 2662 1590 2715 et

328 2756 532 2821 obedientes

393 2927 490 2997 [Mem.
502 2929 538 2996 6.]

861 2997 1002 3061 Auuus
1025 2993 1148 3059 murt.

327 3139 436 3207 [Simon
447 3139 481 3191 de
490 3140 595 3198 Penne.
603 3138 772 3201 subdeacon,
779 3138 928 3206 presented
936 3138 1021 3206 hythe
1032 3138 1119 3192 Peior
1128 3138 1189 3191 and
1197 3137 1361 3205 Conventos
1367 3136 1480 3200 Daton,
1492 3136 1588 3197 Notts..

392 3221 418 3272 is
428 3220 576 3272 instituted
585 3225 612 3271 to
623 3220 668 3273 tlte
679 3220 780 3273 charete
792 3223 828 3289 of
841 3220 928 3273 Great
941 3220 1101 3289 Wegstone]

415 3332 927 3415 WYKENGESTONE.-Symon
959 3332 1001 3395 de
1037 3334 1157 3408 Penne,
1189 3330 1423 3406 subdiaconus,
1455 3350 1586 3413 presen-

326 3444 417 3498 tatus
443 3456 502 3518 per
528 3436 675 3499 Priorem
706 3446 740 3498 et
771 3445 974 3499 conventum
1006 3435 1049 3498 de
1082 3434 1235 3498 Lentone
1266 3433 1307 3495 ad
1339 3434 1513 3497 ecclesiam
1544 3434 1586 3497 de

326 3538 599 3621 Wikengestone‚
630 3538 719 3602 sacta
754 3540 844 3620 prius
881 3539 1096 3620 inquisitione
1131 3557 1190 3621 per
1222 3538 1270 3613 R,
1303 3535 1585 3600 Archidiaconum

328 3641 532 3717 Leircestrie,
559 3652 593 3705 et
624 3642 765 3724 receptis
797 3642 914 3705 litteris
948 3642 1099 3723 Magistri
1132 3640 1305 3723 Stephani,
1336 3638 1462 3702 domini
1497 3639 1586 3722 Pape

326 3745 433 3807 nuntii
457 3756 491 3807 et
514 3745 688 3827 capellani,
716 3745 966 3808 continentibus
994 3745 1161 3826 quatinus,
1186 3764 1253 3807 non
1282 3742 1440 3806 obstante
1468 3744 1585 3807 inhibi-

323 3849 416 3912 tione
435 3868 504 3925 sua,
524 3849 681 3913 dominus
702 3850 891 3931 Episcopus
911 3847 1055 3912 eundem
1077 3848 1263 3931 Symonem
1284 3846 1326 3911 ad
1348 3848 1522 3912 ecclesiam
1543 3848 1585 3912 de

325 3951 598 4035 Wikengestone,
614 3952 656 4016 ad
673 3974 774 4035 quam
791 3953 853 4016 suit
869 3974 928 4036 per
946 3954 1093 4015 Priorem
1109 3963 1144 4015 et
1159 3962 1360 4016 conventum
1372 3952 1415 4015 de
1433 3953 1584 4015 Lentone

325 4056 485 4119 canonice
508 4066 728 4139 presentatus,
743 4055 922 4119 liberaliter
945 4055 1138 4120 admitteret
1154 4066 1188 4119 et
1209 4057 1396 4118 institueret
1413 4056 1445 4117 in
1462 4076 1512 4129 ea,
1528 4076 1584 4137 per

325 4179 399 4240 que,
414 4169 484 4235 etc,
505 4160 546 4222 ad
572 4160 714 4223 eandem
743 4161 909 4224 admissus
935 4168 994 4236 est,
1019 4171 1080 4223 etc.
1128 4160 1173 4222 Et
1198 4156 1394 4221 mandatum
1416 4168 1468 4220 est
1493 4159 1584 4222 dicto

325 4261 573 4326 Archidiacono
584 4274 620 4326 ut
631 4264 738 4346 ipsum
752 4264 786 4327 in
799 4264 1004 4346 corporalem
1018 4262 1169 4345 ejusdem
1186 4261 1323 4325 ecclesie
1339 4263 1582 4343 possessionem

326 4364 425 4428 saciat
441 4366 561 4429 induci.

325 4622 448 4691 [Walter
462 4623 496 4676 de
514 4622 711 4692 Kantebngge,
731 4626 871 4693 chaptain,
883 4625 1033 4693 presented
1050 4626 1145 4693 hythe
1168 4625 1299 4677 Cerentess
1316 4624 1352 4692 os
1369 4622 1543 4684 Winchester,
1560 4623 1584 4674 is

388 4706 536 4759 instituted
544 4711 572 4759 to
583 4706 630 4759 tlte
639 4706 740 4759 ckurclt
751 4707 787 4775 os
797 4708 970 4775 [anghien]

415 4810 877 4890 LAUCHTONE.—Walterus
900 4827 944 4890 de
969 4827 1210 4909 Kantebrigge‚
1229 4824 1430 4908 capellanus,
1451 4844 1582 4906 presen-

325 4938 415 4991 tatus
447 4950 506 5011 per
538 4930 772 5011 Margaretam,
803 4930 1018 4994 Comitissam
1047 4930 1229 5007 Wintonie,
1260 4927 1301 4991 ad
1333 4927 1510 4991 ecclesiam
1541 4927 1582 4991 de

327 5031 530 5109 Lauchtone,
552 5033 639 5096 lacta
667 5035 755 5116 prius
780 5034 995 5117 inquisitione
1021 5055 1081 5116 per
1108 5034 1157 5111 R,
1179 5032 1463 5097 Archidiaconum
1492 5032 1580 5095 Leir-
