3609 5642
333 547 404 632 246
684 540 819 613 Rutuli
834 541 1013 639 Hugonis
1030 539 1072 613 de
1099 540 1232 613 Welles

334 679 575 707 ινι-υ--ν-ἶ-ν---
612 693 739 703 —-—v-

333 780 552 864 personaliter
568 780 600 843 in
616 781 743 844 eadem.
790 780 858 864 Qui
868 779 1005 863 quidem
1017 789 1124 844 totam
1141 780 1250 863 ipsam
1260 779 1436 843 ecclesiam
1453 778 1590 855 tenebit,

333 885 493 968 quamdiu
517 885 647 961 vixerit,
662 883 836 948 reddendo
859 883 938 947 inde
955 882 1104 966 predicto
1130 882 1278 947 Waltero
1293 894 1328 947 et
1345 885 1590 949 successoribus

333 990 401 1051 suis
429 989 581 1070 ejusdem
612 987 751 1051 ecclesie
780 988 932 1070 personis
962 997 1106 1069 quatuor
1135 1008 1262 1051 marcas
1292 1008 1423 1051 annuas
1454 989 1590 1051 nomine

334 1093 513 1175 pensionis,
528 1091 682 1155 videlicet
698 1092 719 1154 ii
737 1112 865 1155 marcas
881 1092 923 1155 ad
936 1092 1064 1155 Pascha
1073 1099 1108 1155 et
1123 1092 1144 1153 ii
1156 1112 1284 1155 marcas
1293 1091 1337 1155 ad
1348 1093 1470 1157 festum
1483 1093 1588 1156 sancti

336 1196 519 1260 Michaelis.
573 1196 667 1259 ldem
695 1206 807 1259 autem
835 1197 978 1259 vicarius
1004 1194 1181 1259 sustinebit
1208 1196 1322 1259 omnia
1352 1216 1455 1260 onera
1486 1196 1589 1280 ipsius

333 1302 472 1365 ecclesie
502 1300 678 1376 ordinaria,
701 1299 816 1363 debita
838 1310 872 1362 et
894 1309 1077 1376 consueta;
1100 1298 1200 1363 salvis
1223 1308 1283 1363 etc.
1330 1300 1431 1384 Quod
1458 1311 1495 1364 ut
1520 1311 1590 1375 etc..

334 1405 397 1468 hiis
421 1404 572 1481 testibus,
597 1404 747 1467 Roberto
771 1403 814 1467 de
840 1403 1041 1481 Bollesoure,
1066 1404 1250 1487 capellan0,
1278 1405 1449 1489 Magistris
1481 1406 1520 1469 R
1548 1405 1590 1469 de

333 1509 525 1573 Wendoure
555 1520 589 1573 et
619 1510 671 1572 W.
701 1508 744 1572 de
775 1509 1015 1587 Werministre,
1046 1510 1098 1573 W.
1122 1509 1164 1573 de
1190 1510 1461 1587 Winchecumbe,
1485 1510 1525 1573 R
1548 1509 1590 1573 de

334 1614 471 1700 Oxonia
500 1624 534 1677 et
565 1614 698 1676 Thoma
728 1613 770 1677 de
802 1612 952 1695 Askeby,
985 1614 1147 1697 Magistro
1180 1613 1219 1676 A.
1251 1614 1293 1677 de
1326 1613 1519 1691 Arundelle,
1551 1614 1589 1677 R.

334 1719 502 1783 Mauclerc
531 1729 565 1782 et
591 1719 623 1784 S.
654 1718 697 1781 de
727 1718 882 1796 Castello,
912 1718 1046 1783 clericis.
1094 1718 1184 1782 Data
1214 1718 1305 1801 apud
1334 1719 1502 1783 Broctone
1533 1740 1590 1802 per

332 1843 469 1887 manum
499 1824 537 1887 R.
562 1823 605 1887 de
632 1822 836 1898 Warraville,
851 1824 1003 1887 canonici
1029 1823 1279 1898 Lincolniensis,
1304 1822 1413 1887 idibus
1441 1822 1589 1905 Januarii

333 1927 546 2010 pontificatus
562 1928 665 1991 nostri
683 1947 772 1990 anno
788 1928 883 1991 xxiii.
923 1942 927 1951 '

331 2186 405 2252 [Tite
422 2186 577 2238 institution
591 2185 626 2253 of
637 2185 763 2335 Ipicltard
773 2184 808 2239 de
819 2184 901 2238 Cant
912 2192 940 2239 to
955 2186 1001 2239 tlte
1015 2184 1117 2239 churck
1131 2186 1168 2253 os
1177 2186 1263 2239 Great
1276 2183 1475 2247 Hatrowden,·
1491 2184 1588 2247 Feta

398 2286 464 2333 1²3²
469 2284 483 2329 ,¹
498 2271 578 2335 step.
593 2270 650 2333 15⁶.

423 2379 923 2444 HAREWEDONE.-Omnibus
938 2390 999 2444 etc.
1047 2379 1187 2443 Noverit
1199 2379 1397 2443 universitas
1408 2389 1520 2443 vestra
1529 2398 1589 2441 nos

332 2484 375 2547 ad
399 2483 681 2566 presentationem
705 2482 902 2546 dilectorum
926 2482 1080 2559 filiorum,
1109 2482 1253 2546 Abbatis
1279 2491 1314 2545 et
1340 2491 1526 2545 conventus
1550 2480 1591 2544 de

333 2586 469 2668 Suleby‚
487 2597 701 2668 patronorum
724 2586 862 2649 ecclesie
885 2585 928 2649 de
954 2586 1194 2662 Harewedone,
1216 2586 1376 2649 dilectum
1401 2586 1434 2648 in
1459 2585 1592 2649 Christo

334 2691 439 2753 filium
473 2690 671 2772 Magistrum
704 2689 886 2753 Ricardum
918 2690 962 2753 de
993 2690 1098 2767 Cant’,
1122 2689 1343 2773 capellanum,
1373 2689 1416 2752 ad
1448 2687 1590 2753 eandem

332 2793 507 2857 ecclesiam
523 2813 599 2855 cum
616 2793 771 2856 omnibus
793 2793 835 2856 ad
859 2813 934 2856 eam
960 2793 1201 2876 pertinentibus
1224 2792 1400 2856 admisisse
1416 2792 1593 2874 ipsumque

334 2897 367 2960 in
383 2917 423 2959 ea
439 2897 598 2959 canonice
614 2916 791 2978 personam
816 2898 1008 2973 instituisse,
1024 2897 1117 2961 salva
1140 2897 1297 2980 predictis
1321 2895 1448 2960 Abbati
1465 2906 1499 2959 et
1514 2915 1592 2959 con-

334 3000 447 3063 ventui
464 3020 530 3062 una
548 3020 659 3063 marca
674 3020 786 3063 annua
802 3020 861 3083 per
876 3020 1013 3064 manum
1037 3000 1189 3081 ejusdem
1215 2999 1368 3081 Magistri
1394 2997 1528 3062 Ricardi
1551 2998 1593 3062 de

333 3101 453 3165 eadem
477 3101 617 3166 ecclesia
643 3104 778 3167 nomine
794 3104 945 3186 perpetui
971 3103 1122 3167 beneficii
1148 3102 1382 3186 percipienda;
1404 3101 1505 3164 salvis
1531 3112 1593 3165 etc.

334 3204 436 3287 Quod
462 3215 499 3268 ut
523 3217 595 3281 etc,
618 3205 681 3268 hiis
709 3206 859 3284 testibus,
884 3207 1023 3271 Warino
1049 3208 1093 3271 de
1117 3206 1304 3271 Kirketone
1321 3217 1356 3271 et
1379 3205 1531 3269 Roberto
1552 3203 1594 3268 de

336 3308 537 3385 Bollesoure,
552 3309 742 3391 capellanis,
761 3310 924 3393 Magistro
942 3311 980 3374 R.
997 3312 1040 3377 de
1056 3312 1249 3375 Wendoure
1263 3321 1297 3375 et
1311 3311 1361 3373 W.
1379 3309 1421 3373 de
1438 3308 1594 3373 Winche-

335 3412 465 3488 cumbe,
480 3412 648 3474 canonicis
666 3412 965 3490 Lincolniensibus‚
984 3414 1148 3497 Magistro
1165 3412 1295 3491 Alardp
1306 3413 1350 3477 de
1368 3412 1542 3489 Arundell,
1554 3412 1592 3477 G.

335 3516 377 3579 de
410 3516 514 3578 Moris
543 3524 578 3579 et
608 3516 641 3579 S.
672 3514 715 3579 de
745 3514 901 3591 Castello,
932 3517 1067 3580 clericis.
1115 3517 1206 3581 Data
1229 3538 1288 3599 per
1319 3536 1457 3581 manum
1487 3516 1526 3579 R.
1551 3516 1593 3579 de

337 3618 540 3693 Warraville,
564 3619 715 3682 canonici
745 3618 997 3695 Lincolniensis
1029 3620 1118 3702 apud
1147 3619 1343 3703 Spaldewic,
1369 3630 1490 3683 octavo
1522 3619 1595 3683 idus

337 3722 507 3787 Februarii
524 3742 613 3785 anno
630 3722 844 3805 pontificatus
860 3724 964 3786 nostri
980 3724 1077 3787 xxiii.

338 4066 413 4133 [The
429 4066 586 4118 instt'tunbn
605 4067 641 4133 of
651 4066 751 4134 Philip
768 4066 802 4119 de
821 4068 922 4120 Sancto
942 4066 1041 4120 David
1058 4072 1086 4120 to
1104 4068 1150 4121 the
1169 4067 1271 4121 clarck
1290 4067 1326 4135 of
1340 4067 1450 4121 Greeu's
1471 4068 1598 4130 nbrtom

405 4148 469 4202 Dec.
481 4163 520 4213 27,
534 4165 566 4199 12
563 4164 598 4212 31
603 4164 618 4209 ,·
632 4164 676 4201 see
682 4153 713 4216 p.
727 4151 794 4212 rna]

427 4267 840 4334 NORTONE.—Omnibus
855 4279 916 4333 etc.
964 4268 1104 4332 Noverit
1125 4268 1322 4331 universitas
1342 4276 1453 4331 vestra
1472 4288 1533 4330 nos
1554 4268 1596 4331 ad

341 4372 625 4454 presentationem
656 4371 819 4453 Johannis
859 4372 988 4449 Marsc',
1019 4374 1151 4455 patroni
1188 4371 1328 4436 ecclesie
1357 4370 1400 4435 de
1438 4370 1599 4449 Nortone,

340 4475 500 4538 dilectum
518 4475 551 4536 in
569 4473 703 4538 Christo
718 4474 823 4538 filium
841 4476 1041 4558 Magistrum
1065 4476 1255 4558 Philippum
1271 4475 1315 4539 de
1331 4474 1457 4541 Sancto
1478 4474 1600 4553 David,

340 4578 505 4655 clericum,
528 4578 570 4641 ad
601 4579 743 4642 eandem
774 4579 948 4643 ecclesiam
981 4600 1057 4643 cum
1089 4580 1296 4662 pertinentiis
1326 4579 1394 4643 suis
1425 4578 1600 4643 admisisse

340 4682 516 4764 ipsumque
536 4682 568 4744 in
592 4703 632 4745 ea
654 4683 814 4747 canonice
837 4704 1014 4765 personam
1039 4684 1242 4759 instituisse;
1265 4682 1366 4747 salvis
1388 4691 1449 4746 etc.
1497 4680 1600 4765 Quod

339 4796 376 4849 ut
395 4797 466 4862 etc,
485 4786 548 4849 hiis
572 4786 722 4862 testibus,
742 4786 895 4868 Johanne
921 4786 951 4849 N
955 4786 1197 4869 orhamptbnie‚
1217 4786 1256 4851 G.
1279 4786 1548 4869 Huntingdonie‚
1567 4796 1601 4850 et

341 4889 524 4953 Amaurico
548 4888 755 4966 Bedelordie‚
778 4890 1029 4965 archidiaconis,
1053 4889 1232 4967 willelmo,
1262 4889 1464 4965 subdecano,
1493 4888 1533 4951 R.
1558 4887 1601 4951 de

342 4992 529 5069 Bolesoure,
560 4993 743 5076 capellano,
775 4993 945 5077 Magistris
983 4994 1033 5057 W.
1064 4994 1107 5058 de
1138 4994 1376 5057 Wermenistre
1405 5004 1439 5056 et
1480 4993 1519 5055 R
1558 4992 1601 5055 de
