3609 5642
621 567 799 666 Episcopi
823 569 1106 642 Le'ncolniensa's.
1237 628 1239 631 .
1444 593 1489 664 53

229 808 407 873 ecelesiam
423 808 466 872 de
477 808 683 886 Addestoke,
694 809 781 873 facta
793 811 883 892 prius
899 811 1113 892 inquisitione
1128 830 1187 892 per
1200 810 1399 894 Magistrum
1416 812 1488 889 Th,

230 911 419 977 Officialem
445 912 680 977 Archidiaconi
713 913 1055 996 Bukingehamiensis,
1078 927 1147 993 etc,
1171 938 1246 980 cum
1271 917 1407 979 minoris
1437 927 1488 981 est

230 1017 340 1095 etatis,
370 1017 412 1080 ad
443 1037 518 1080 eam
545 1017 772 1100 dispensatere
796 1027 847 1081 est
874 1018 1049 1096 admissus,
1075 1029 1109 1082 et
1139 1022 1171 1082 in
1195 1021 1313 1084 eadem
1344 1039 1486 1108 persona

231 1121 412 1198 institutus,
428 1121 520 1184 salva
535 1120 633 1184 dictis
649 1121 826 1185 Canonicis
838 1121 953 1184 debita
964 1131 998 1185 et
1014 1120 1151 1288 mv
1161 1125 1330 1206 pensione,
1345 1134 1379 1187 et
1394 1124 1486 1187 salva

231 1235 393 1309 perpetua
409 1225 530 1288 vicaria
552 1225 700 1307 quinque
723 1246 909 1289 marcarum
933 1226 966 1288 in
989 1246 1029 1288 ea
1052 1247 1105 1288 ass
1118 1228 1261 1309 gnanda
1308 1227 1486 1292 Ordinavit

229 1331 333 1394 etiam
349 1329 505 1393 dominus
523 1329 710 1413 Episcopus
726 1329 816 1411 quod
839 1331 866 1392 si
883 1330 1032 1405 vicarius,
1048 1331 1105 1412 qui
1128 1330 1170 1393 ad
1187 1330 1312 1394 dictam
1330 1333 1484 1395 vicariam

230 1435 436 1510 admittetur,
452 1433 536 1496 infra
551 1435 697 1516 spatium
714 1444 842 1514 septem
866 1454 1029 1497 annorum
1054 1435 1283 1516 proximorum
1299 1436 1486 1513 decesserit,

229 1540 340 1604 dictus
365 1539 531 1603 Robertus
554 1540 656 1603 alium
679 1541 836 1603 vicarium
861 1539 903 1602 ad
927 1540 1068 1603 eandem
1093 1541 1249 1604 vicariam
1274 1541 1486 1623 presentabit,

230 1643 472 1708 instituendum
490 1645 522 1707 in
534 1644 652 1709 eadem
665 1646 851 1720 ecclesia‚et
863 1646 910 1708 sic
921 1666 1052 1728 semper
1062 1646 1219 1708 vicarium
1237 1657 1312 1727 post
1328 1647 1484 1710 vicarium

229 1749 338 1812 donec
363 1749 501 1830 predicti
525 1760 653 1832 septem
678 1751 755 1813 anni
781 1749 900 1814 suerint
924 1751 1090 1832 completi.
1137 1749 1237 1832 Quod
1263 1751 1289 1813 si
1313 1749 1422 1813 dictus
1447 1752 1485 1814 R.

230 1853 329 1916 suerit
344 1853 519 1916 addiscens
536 1854 569 1916 in
582 1853 679 1916 scolis
691 1864 725 1916 et
735 1853 806 1934 ejus
820 1855 959 1916 vicarius
970 1853 1055 1916 ultra
1071 1854 1282 1936 septennium
1300 1854 1485 1936 predictum

228 1957 357 2034 obierit,
381 1978 447 2021 non
471 1957 639 2040 oportebit
665 1978 741 2020 eum
765 1957 867 2021 alium
895 1958 1053 2021 vicarium
1079 1968 1277 2040 presentare,
1300 1968 1351 2022 set
1377 1968 1483 2023 totam

229 2061 405 2126 ecclesiam
422 2061 581 2144 deinceps
597 2061 790 2143 possidebit.

229 2287 335 2356 [Miles.
347 2287 424 2344 clerk.
438 2287 693 2353 irtstitretedparson
705 2289 736 2354 op
748 2286 875 2356 Drayton
895 2286 1092 2353 Beauehamp,·
1103 2288 1252 2353 presented
1259 2293 1291 2356 ty
1308 2288 1433 2341 thr'am
1450 2289 1484 2343 de

298 2369 480 2436 Beancleamp.
515 2369 540 2421 Α
553 2369 685 2436 ve'carage
697 2369 722 2420 is
733 2374 759 2421 to
769 2369 799 2420 be
810 2368 962 2436 appointed
970 2367 1002 2436 by
1013 2369 1059 2421 tlte
1070 2369 1182 2437 Bistop,
1194 2370 1255 2422 aeid
1271 2371 1361 2432 Miles,
1373 2387 1406 2423 res
1417 2372 1451 2424 tte
1461 2373 1486 2424 is

296 2452 387 2505 under
397 2466 458 2520 age.
469 2451 494 2502 is
505 2452 681 2517 representa
692 2450 808 2502 sue'table
819 2450 911 2518 clere]

319 2572 580 2636 BUKINGHAM:
612 2570 974 2647 DRAYTONE.—Mi10,
1004 2572 1150 2646 clericus,
1181 2582 1390 2654 presentatus
1429 2595 1486 2655 per

228 2675 435 2739 Willelmum
452 2673 494 2737 de
511 2673 605 2736 Bello
617 2672 748 2756 Campo
763 2674 806 2736 ad
822 2675 997 2738 ecclesiam
1013 2674 1056 2738 de
1078 2675 1261 2756 Draytone,
1285 2676 1372 2739 sacta
1395 2679 1486 2760 prius

228 2778 443 2862 inquisitione
467 2798 525 2860 per
543 2777 741 2859 Magistrum
765 2777 1039 2854 Th.,0fficia1em
1067 2778 1300 2843 Archidiaconi
1319 2780 1486 2864 Bulringe-

228 2882 418 2957 hamiensis,
434 2891 504 2957 etc,
522 2880 687 2944 admissus
702 2892 761 2958 est,
777 2892 811 2944 et
827 2883 859 2944 in
884 2901 924 2944 ea
946 2883 1106 2945 canonice
1129 2903 1271 2964 persona
1295 2884 1485 2962 institutus;

228 2989 321 3053 salva
337 2986 483 3069 quadam
510 2986 630 3049 vicaria
653 2987 686 3049 in
702 2986 820 3049 eadem
845 2986 984 3052 ecclesia
1004 2986 1105 3067 juxta
1128 2987 1334 3050 voluntatem
1359 2986 1485 3050 domini

229 3091 389 3175 Episcopi
420 3089 606 3166 ordinandi,
633 3090 675 3153 ad
707 3111 808 3172 quarn
837 3091 926 3153 idem
959 3090 1096 3154 clericus
1134 3092 1289 3155 clericum
1327 3090 1484 3155 idoneum

227 3194 442 3279 presentabit,
472 3195 629 3258 vicariurn
650 3195 902 3259 ‚instituendum
931 3196 964 3256 in
988 3195 1116 3270 eadem,
1142 3216 1217 3258 curn
1247 3195 1318 3277 ipse
1348 3195 1484 3260 clericus

228 3299 365 3363 minoris
410 3297 452 3361 sit
489 3299 595 3361 etatis.
658 3298 703 3362 Et
741 3297 927 3379 injunctum
973 3309 1023 3361 est
1063 3299 1207 3362 Ricardo
1248 3299 1367 3362 clerico
1403 3299 1483 3363 dicti

228 3401 400 3478 Officialis,
416 3411 476 3466 ete.

226 3614 376 3684 [Willrizm,
386 3631 436 3667 son
446 3615 482 3683 of
488 3614 594 3675 Robert,
603 3613 835 3681 clerk,presented
842 3614 876 3682 by
889 3615 922 3665 G.
935 3614 1095 3674 Passelewe,
1108 3614 1153 3666 tlte
1158 3617 1274 3681 parson,
1286 3615 1354 3666 with
1367 3615 1413 3667 tlte
1423 3631 1483 3669 con-

292 3702 354 3750 sent
367 3697 403 3765 os
414 3695 511 3750 Simon
529 3696 690 3756 Passelewe,
706 3697 751 3749 the
762 3701 871 3764 petron.
882 3697 908 3748 e's
924 3696 1069 3749 instituted
1083 3697 1162 3749 vicar
1176 3697 1212 3763 of
1222 3695 1389 3749 Wavenden.
1428 3697 1484 3750 The

292 3781 421 3847 nicarage
432 3779 456 3830 is
467 3783 509 3832 set
517 3783 566 3830 ent
574 3779 635 3830 and
642 3778 766 3832 includes
776 3779 821 3831 the
838 3779 922 3830 house
932 3778 1024 3831 colticis
1039 3778 1149 3838 Gilben,
1160 3794 1211 3830 son
1227 3779 1263 3845 os
1271 3777 1377 3831 Gilbert
1386 3779 1483 3831 Passe-

292 3861 365 3924 lewe,
378 3860 531 3929 confirmed
539 3865 566 3912 to
577 3861 621 3912 tlte
632 3860 730 3913 chnrcle
743 3861 777 3928 os
788 3860 949 3913 Wavendon
959 3857 993 3928 by
1003 3861 1128 3928 chartea]

314 3996 821 4073 WAVENDONE.-Willelmus,
856 3995 942 4059 filius
978 3996 1125 4071 Roberti,
1165 3997 1310 4070 clericus,
1349 4017 1481 4079 presen-

225 4109 316 4164 tatus
347 4119 405 4182 per
435 4099 473 4164 G.
506 4099 697 4175 Passelewe,
728 4120 903 4181 personam
942 4101 1079 4163 ecclesie
1109 4100 1152 4162 de
1182 4099 1408 4175 Wavendene,
1437 4100 1480 4163 de

225 4221 389 4266 consensu
407 4201 554 4266 Simonis
571 4202 762 4278 Passelewe,
780 4204 919 4285 patroni,
935 4203 976 4265 ad
994 4204 1150 4265 vicariam
1166 4200 1316 4282 ejusdem
1333 4202 1481 4288 ecclesie,

224 4307 458 4370 admissusest
479 4307 561 4369 etin
585 4327 624 4369 ea
642 4307 780 4369 vicarius
805 4317 984 4389 perpetuus
1007 4308 1185 4369 institutus.
1232 4305 1308 4388 Que
1330 4307 1481 4370 consistit

225 4413 258 4475 in
284 4411 439 4474 omnibus
474 4410 689 4493 proventibus
714 4411 859 4486 ecclesie,
886 4412 1038 4493 exceptis
1068 4411 1205 4473 decimis
1235 4410 1411 4493 garbarum
1446 4421 1480 4474 et

226 4515 302 4589 seni,
324 4523 358 4576 et
380 4523 526 4596 excepta
548 4524 635 4576 terra
658 4514 796 4577 ecclesie
819 4524 853 4577 et
877 4524 973 4597 prato
996 4515 1038 4578 ad
1061 4515 1203 4578 eandem
1228 4525 1348 4577 terram
1381 4516 1479 4596 perti-

225 4627 334 4682 nente.
397 4617 547 4680 Habebit
576 4619 676 4684 etiarn
709 4617 849 4681 vicarius
881 4639 1034 4681 mansum
1065 4618 1155 4700 quod
1187 4617 1364 4692 Gilbertus,
1394 4617 1480 4679 filius

225 4720 365 4786 Gilberti
383 4721 574 4797 Passelewe,
590 4719 798 4784 confirmavit
820 4723 958 4785 ecclesie
974 4722 1016 4784 de
1032 4721 1249 4785 Wauendene
1265 4741 1323 4802 per
1345 4731 1480 4797 cartam,

224 4837 259 4889 et
273 4826 381 4889 solvet
419 4825 582 4889 sinodalia
620 4835 771 4902 tantum;
810 4847 953 4908 persona
982 4837 1095 4890 autem
1126 4827 1238 4888 omnia
1276 4825 1341 4886 alia
1378 4846 1479 4888 onera

224 4927 390 4992 ordinaria
405 4928 556 5010 ejusdem
573 4930 711 4992 ecclesie
735 4930 922 4993 sustinebit.
971 4930 1015 4992 Et
1039 4930 1223 5010 injunctum
1248 4938 1298 4990 est
1317 4929 1479 5011 Magistro

224 5031 296 5108 Th,
313 5031 457 5096 Officiali
475 5031 801 5115 Bukingehamiensi,
816 5043 876 5096 etc.
