3609 5642
342 568 414 635 290
692 544 828 616 Rotulz'
844 542 1021 639 Hugonr's
1047 542 1089 614 de
1117 542 1249 615 Welles

341 779 436 847 [Peter
444 779 478 833 de
491 778 663 848 Cumpkleys,
676 778 755 841 clerk,
764 776 912 846 presented
925 778 1016 846 hythe
1027 776 1185 831 abrotani
1195 776 1322 831 convent
1332 776 1368 845 os
1373 776 1514 837 leicester,
1526 777 1552 831 is
1563 778 1605 829 tn,

406 860 565 1007 361ιέἶὶἶίςο
581 860 627 913 the
648 859 749 913 church
766 860 802 927 os
815 859 950 912 Harston.
987 858 1044 912 Tlee
1063 859 1175 912 ancient
1186 859 1306 927 pensan
1323 859 1348 911 is
1367 858 1497 912 reserved
1514 864 1543 912 to
1560 858 1605 911 tlte

433 1053 816 1116 HARESTAN.-ldibus
833 1052 1030 1117 Decembris
1043 1052 1159 1116 Petrus
1171 1052 1214 1116 de
1227 1052 1446 1147 Cumphleys,
1456 1052 1605 1127 clericus,

344 1166 554 1239 presentatus
577 1176 637 1239 per
659 1156 830 1221 Abbatem
854 1167 888 1220 et
912 1167 1113 1220 conventum
1140 1156 1337 1220 Leircestrie
1359 1156 1402 1219 ad
1426 1156 1604 1221 ecclesiam

344 1264 388 1325 de
409 1261 587 1337 Harestan‚
604 1259 692 1323 sacta
715 1262 805 1342 prius
826 1261 1042 1343 inquisitione
1063 1282 1121 1343 per
1139 1261 1187 1337 R.,
1205 1260 1490 1325 Archidiaconum
1511 1260 1604 1324 Leir-

344 1365 471 1441 cestrie,
488 1386 546 1447 per
564 1385 675 1447 quam,
690 1374 762 1441 etc,
777 1364 944 1427 admissus
964 1373 1015 1428 est
1036 1376 1070 1428 et
1094 1366 1127 1427 in
1148 1385 1189 1428 ea
1208 1365 1369 1428 canonice
1389 1384 1533 1454 persona
1556 1365 1604 1427 in-

344 1469 481 1532 stitutus
495 1490 502 1545 ;
527 1469 619 1531 salva
634 1469 733 1532 dictis
751 1467 877 1531 Abbati
894 1478 929 1531 et
945 1470 1122 1532 conventui
1140 1468 1182 1531 de
1198 1468 1316 1532 eadem
1332 1467 1473 1531 ecclesia
1489 1467 1605 1532 debita

343 1582 379 1635 et
408 1574 546 1654 antiqua
577 1573 745 1655 pensione.
796 1572 841 1635 Et
872 1572 1060 1655 injunctum
1091 1582 1143 1635 est
1172 1573 1203 1635 ei
1235 1572 1324 1654 quod
1357 1572 1399 1636 ad
1429 1573 1605 1654 proximos

344 1780 596 1861 quintodecimo
619 1781 731 1843 veniat
755 1782 787 1843 in
808 1780 1049 1843 subdiaconum
1074 1779 1288 1843 ordinandus.
1336 1780 1381 1843 Et
1405 1779 1604 1843 mandatum

344 1893 395 1947 cst
410 1884 501 1947 dicto
513 1883 761 1958 Archidiacono
776 1883 876 1965 quod,
888 1894 950 1947 etc.
996 1882 1133 1966 [Added
1144 1882 1308 1965 later.·-]
1322 1882 1506 1947 Ordinatus
1522 1894 1582 1947 est.

432 2143 500 2227 [On
522 2143 575 2207 tlte
596 2143 688 2207 dorse
700 2144 770 2227 :-]

345 2260 520 2326 [Geevasins
532 2259 674 2328 neb-peior
688 2261 724 2329 os
736 2262 777 2313 St.
797 2260 932 2323 Oswatds,
952 2260 1065 2321 Nostell,
1090 2260 1188 2323 torte,
1207 2262 1232 2313 is
1247 2260 1384 2314 admitted
1399 2267 1426 2315 to
1444 2261 1489 2315 tte
1508 2262 1563 2315 cell
1576 2263 1612 2330 os

410 2340 543 2409 arecon]

434 2452 536 2515 Anno
559 2451 774 2535 pontificatus
789 2453 917 2516 domini
939 2454 1099 2537 Episcopi
1116 2452 1211 2536 xiiij⁰,
1227 2453 1260 2535 iij
1280 2454 1442 2518 kalendas
1459 2454 1605 2537 Augusti

346 2558 436 2640 apud
466 2557 737 2621 Dorkecestriam
766 2558 799 2619 in
827 2557 980 2640 cappella
1005 2559 1091 2621 circa
1116 2558 1232 2621 horam
1257 2557 1324 2622 diei
1349 2560 1502 2641 primam,
1527 2558 1606 2623 Ger-

346 2662 466 2737 vasius,
494 2662 657 2743 Supprior
688 2660 802 2726 Sancti
835 2660 983 2726 Oswaldi
1007 2661 1051 2726 de
1075 2662 1203 2738 Nostle,
1226 2672 1436 2745 presentatus
1466 2662 1606 2726 domino

349 2766 519 2847 Episcopo
549 2784 608 2847 per
637 2765 783 2828 Priorem
814 2776 848 2828 et
875 2777 1078 2829 conventum
1107 2766 1222 2831 Sancti
1247 2765 1396 2830 Oswaldi
1419 2766 1462 2829 de
1488 2766 1606 2830 Nostle

348 2889 406 2952 per
443 2868 571 2931 litteras
609 2888 723 2931 eorum
763 2878 917 2951 patentes
955 2870 996 2931 ad
1037 2870 1185 2950 regimen
1216 2869 1337 2932 domus
1367 2868 1410 2931 de
1443 2868 1605 2943 Bredone,

347 2972 514 3036 admissus
551 2981 603 3035 est
639 2981 674 3034 et
707 2973 879 3037 institutus
916 2982 968 3035 est
1003 2972 1045 3035 ad
1076 2993 1191 3035 eorum
1232 2973 1523 3055 presentationem,
1555 2972 1605 3035 cui

348 3076 504 3139 dominus
534 3075 723 3158 Episcopus
753 3076 921 3140 commisit
952 3096 1064 3139 curam
1095 3087 1129 3140 et
1164 3075 1488 3140 administrationem
1521 3074 1606 3137 illius

348 3180 470 3243 domus
500 3179 533 3241 in
565 3178 791 3261 spiritualibus
821 3190 855 3243 et
885 3179 1134 3261 temporalibus,
1165 3200 1241 3243 eum
1273 3200 1332 3262 per
1356 3178 1476 3242 librum
1500 3178 1606 3241 inves-

349 3283 472 3346 tiendo
530 3281 624 3345 Idem
655 3284 756 3345 etiam
789 3282 968 3346 Gervasius
999 3293 1076 3366 post
1102 3304 1215 3347 curam
1241 3284 1287 3346 sic
1316 3291 1505 3364 susceptam
1532 3280 1607 3343 lecit

348 3387 488 3450 domino
521 3385 700 3468 Episcopo
728 3396 764 3448 ut
793 3387 893 3449 moris
924 3396 983 3463 est,
1010 3388 1205 3450 canonicam
1238 3386 1472 3450 obedientiam.
1520 3384 1607 3446 Acta

349 3499 427 3552 sunt
453 3489 512 3551 bec
540 3489 749 3570 presentibus
770 3489 909 3553 domino
936 3490 974 3572 J.,
998 3490 1215 3554 Bathoniensi
1237 3490 1416 3571 Episcopo
1445 3485 1607 3568 Magistro

353 3594 501 3675 Hugone
513 3592 556 3656 de
573 3591 787 3669 Grenesorde,
799 3594 953 3676 Johanne
968 3595 1011 3658 de
1024 3595 1189 3671 Tantone,
1201 3593 1409 3676 cappellano,
1418 3601 1452 3654 et
1466 3591 1608 3672 Rogero,

352 3695 551 3779 cappellano
575 3695 702 3760 domini
736 3698 979 3774 Bathoniensis,
1005 3699 1104 3761 Petro
1130 3697 1173 3761 de
1202 3696 1377 3771 Bathonia,
1405 3692 1551 3757 Radullo
1566 3693 1607 3755 de

352 3799 559 3878 Warravilla,
577 3802 675 3865 Petro
690 3801 733 3865 de
751 3802 954 3879 Bremlorde,
971 3801 1107 3867 Olivero
1123 3802 1166 3865 de
1181 3799 1386 3883 Chedn[eto]
1402 3809 1436 3863 et
1454 3797 1606 3881 Philippo

353 3905 396 3968 de
413 3904 616 3987 Langeport,
631 3904 765 3968 clericis.

442 4101 510 4185 [on
527 4103 742 4185 trenes—r

726 4225 866 4289 Auuus
890 4224 1245 4307 Qumrusoscmus

355 4350 445 4419 [loten
456 4349 639 4418 Espegtnmel,
650 4350 758 4418 acoljrte
770 4352 796 4403 is
806 4350 923 4405 collated
931 4356 959 4403 to
968 4350 1014 4404 tlte
1025 4350 1125 4404 chrcrch
1136 4351 1173 4418 os
1178 4350 1322 4417 Sternit]

443 4461 955 4544 SCHADEWELLE.-Johannes
973 4462 1183 4545 Espigurnel‚
1199 4460 1369 4537 accolitus,
1384 4460 1437 4523 cui
1454 4457 1609 4522 dominus

358 4565 545 4648 Episcopus
568 4565 742 4628 ecclesiam
766 4566 808 4629 de
832 4565 1060 4630 Schadewelle
1083 4566 1281 4629 auctoritate
1304 4563 1446 4627 contulit
1462 4563 1610 4639 Concilii,

356 4669 398 4733 ad
416 4670 523 4751 ipsam
540 4668 706 4732 admissus
725 4680 785 4746 est,
801 4681 872 4747 etc,
888 4669 981 4733 salvo
999 4669 1144 4732 Ricardo
1163 4668 1294 4743 Phitun,
1309 4668 1366 4750 qui
1385 4666 1439 4749 jus
1456 4676 1609 4749 patrona-

356 4784 410 4837 tus
440 4773 539 4836 evicit
569 4774 602 4835 in
636 4772 755 4837 eadem
788 4794 864 4837 cum
895 4774 977 4837 alias
1008 4774 1182 4850 vacaverit,
1210 4773 1284 4854 jure
1314 4770 1531 4854 presentandi
1569 4769 1609 4833 ad

356 4876 507 4941 eandem.
555 4876 600 4939 Et
623 4878 819 4941 mandatum
842 4889 894 4941 est
911 4876 1159 4941 Archidiacono
1180 4876 1376 4940 Leircestrie
1397 4884 1441 4950 ut,
1456 4884 1519 4938 etc.
1549 4872 1610 4957 [ln

357 4981 410 5045 tlte
424 4980 555 5062 margin
569 4980 638 5065 .·-]
685 4980 762 5045 Non
778 4980 942 5045 habemus
959 4981 1085 5045 litteras
1102 4980 1366 5065 presentationis.
