3609 5642
622 549 797 644 Episcopi
820 549 1102 621 Lincolnr'ensir.
1435 574 1482 640 49

865 701 1162 708 ——---——-——--
1398 701 1482 708 -—..

226 797 412 851 conventus
443 797 516 850 toto
546 797 697 870 tempore
727 787 816 850 dicte
844 787 981 870 Agathe
1011 788 1135 852 debent
1159 798 1358 871 presentare,
1381 798 1418 851 ut
1450 790 1483 852 in

226 890 437 974 cyrographo
468 891 500 953 in
532 891 622 954 curia
652 890 779 953 domini
811 890 914 973 Regis
945 891 1099 954 conlecto
1130 891 1259 972 plenius
1286 893 1484 968 continetur,

226 994 393 1058 admissus
416 1005 476 1070 est,
491 1003 525 1058 et
549 994 582 1056 in
605 1015 645 1057 ea
668 994 828 1056 canonice
851 1015 994 1076 persona
1019 996 1197 1071 institutus,
1216 1016 1292 1058 cum
1317 1016 1417 1059 onere
1441 995 1483 1058 ad

228 1099 402 1183 proximos
425 1098 557 1162 ordines
582 1098 746 1174 veniendi,
760 1109 795 1161 et
818 1097 969 1162 ordinem
994 1099 1204 1180 suscipiendi.
1252 1099 1299 1162 Et
1322 1100 1481 1181 quoniam

227 1203 317 1266 idem
345 1202 407 1266 suit
434 1203 544 1266 minus
568 1201 770 1265 sufficienter
798 1201 971 1277 litteratus,
987 1202 1148 1284 obligavit
1175 1203 1372 1267 beneficium
1402 1202 1483 1266 illud

226 1307 366 1370 domino
394 1307 564 1391 Episcopo
590 1306 680 1388 quod
709 1326 729 1368 a
752 1306 837 1370 festo
862 1306 977 1371 Sancti
1003 1307 1177 1371 Michaelis
1201 1308 1235 1370 in
1258 1317 1358 1371 antea
1376 1308 1484 1370 scolas

227 1412 458 1495 frequentabit.
506 1412 551 1476 Et
565 1411 750 1494 injunctum
762 1421 813 1476 est
823 1411 914 1475 dicto
931 1411 1075 1476 Officiali
1091 1423 1128 1475 ut
1140 1412 1324 1475 secundum
1341 1412 1483 1476 sormam

227 1517 434 1600 premissam,
449 1527 510 1580 etc.
519 1539 526 1593 ;
550 1527 584 1580 et
600 1518 626 1579 si
643 1516 751 1579 scolas
767 1537 834 1579 non
851 1516 1110 1598 frequentaverit
1125 1526 1162 1579 ut
1177 1517 1305 1580 dictum
1321 1527 1381 1595 est,
1393 1518 1484 1599 quod

228 1621 310 1685 illud
328 1621 467 1685 domino
484 1621 655 1705 Episcopo
670 1619 841 1702 significet.

227 1803 407 1874 [Alexander.
422 1804 475 1860 lale
483 1805 601 1858 vicariis
613 1803 791 1872 ticeprebend
799 1805 830 1857 in
846 1803 1020 1858 Waddesdon
1031 1803 1138 1868 churclt,
1147 1805 1203 1857 last
1212 1804 1280 1858 lteld
1290 1805 1323 1873 by
1338 1804 1486 1859 Walterde

293 1885 402 1949 Bams,
421 1887 446 1939 is
456 1886 607 1954 presented
620 1891 647 1940 lo
665 1886 710 1939 tlte
720 1885 893 1955 prebendby
909 1885 1034 1939 Matilda
1052 1886 1087 1939 de
1108 1886 1250 1955 Cmienay,
1268 1887 1329 1940 and
1344 1887 1489 1942 instituted

293 1967 415 2036 therela]
897 1999 899 2006 ι

317 2087 604 2152 Buxrnncmuu:
646 2087 1154 2164 Worrasoou.-Alexander,
1191 2088 1248 2169 qui
1291 2089 1382 2171 prius
1425 2089 1486 2152 fuit

226 2192 369 2255 vicarius
392 2191 425 2253 in
449 2190 619 2273 prebenda
641 2191 781 2254 ecclesie
804 2189 846 2254 de
869 2191 1101 2266 Wottesdone,
1124 2212 1225 2273 quam
1250 2191 1419 2256 Walterus
1442 2193 1485 2257 de

229 2295 348 2358 Barres
379 2295 535 2378 proximo
573 2295 689 2370 tenuit,
719 2293 761 2357 ad
796 2294 938 2357 eandem
975 2294 1179 2376 prebendam
1218 2316 1276 2377 per
1313 2295 1485 2360 dominam

230 2398 431 2462 Matillidem
455 2397 498 2461 de
525 2397 695 2479 Curtenay
719 2407 939 2478 presentatus,
963 2398 1052 2461 sacta
1075 2400 1165 2480 prius
1191 2399 1404 2480 inquisitione
1428 2421 1487 2483 per

229 2501 417 2568 Officialem
450 2501 686 2564 Archidiaconi
720 2499 1063 2582 Bukingehamiensis
1089 2522 1147 2584 per
1177 2523 1278 2584 quam
1310 2505 1485 2585 negotium

229 2606 292 2669 luit
319 2607 351 2668 in
378 2604 549 2688 expedito,
565 2605 731 2668 admissus
758 2614 818 2677 est,
840 2614 874 2668 et
902 2606 935 2666 in
963 2626 1003 2668 ea
1030 2606 1189 2668 canonice
1217 2607 1395 2670 institutus.
1442 2608 1488 2672 Et

230 2709 427 2774 mandatum
444 2719 495 2773 est
511 2709 601 2773 dicto
618 2709 772 2786 Officiali,
788 2719 849 2773 etc.

229 2893 365 2962 [Thomas
375 2892 410 2946 de
419 2892 616 2962 Bmsingtone,
629 2892 767 2960 chaplar'n,
780 2893 805 2944 is
821 2892 969 2946 instituted
976 2893 1127 2960 perpetual
1140 2893 1265 2962 vicarius
1277 2892 1490 2962 Shabbingtorr;

288 2974 438 3042 presented
446 2974 479 3043 ly
487 2975 533 3027 ilie
544 2974 631 3028 Preirr
639 2973 699 3026 and
711 2974 837 3027 Conveni
845 2974 881 3043 (ff
892 2974 1092 3043 Wallingsord.
1130 2975 1156 3026 Τ
1152 2975 1186 3027 lu
1196 2975 1386 3029 endowments
1396 2977 1432 3045 os
1445 2976 1489 3028 tlte

294 3057 425 3125 vicarage
436 3071 485 3110 are
494 3062 536 3109 set
545 3062 598 3109 out.
637 3056 693 3109 The
709 3058 788 3109 vicar
802 3056 880 3109 shall
889 3060 949 3124 pay
964 3056 1010 3109 tlte
1025 3057 1156 3121 sinodals,
1168 3057 1229 3109 and
1243 3057 1289 3110 tlte
1305 3058 1404 3110 monks
1414 3058 1491 3111 shall

295 3139 431 3192 entem'n
442 3139 488 3191 llic
498 3137 681 3202 Archdeacon,
695 3139 744 3190 bul
753 3138 799 3191 tlte
810 3138 909 3190 monks
919 3138 981 3191 and
989 3139 1203 3191 thevi'carslmll
1212 3140 1242 3191 be
1252 3140 1418 3208 responsible
1423 3143 1489 3208 pro

289 3219 786 3289 pomamzyfortasfasmffta
797 3219 914 3284 chancer,
928 3219 974 3272 uu
984 3225 1144 3274 mmm
1155 3221 1323 3290 aarum]

319 3340 605 3404 vanocnsn:
630 3339 1061 3404 sommus-Thomas
1083 3339 1127 3403 de
1153 3341 1389 3422 Bensingtone,
1409 3362 1486 3424 cap-

230 3445 391 3528 pellanus,
407 3453 617 3527 presentatus
633 3465 692 3526 per
709 3444 855 3506 Priorem
871 3453 907 3506 et
929 3455 1132 3507 conventum
1158 3445 1201 3508 de
1225 3445 1487 3528 Walingeforde,

229 3549 272 3613 ad
290 3559 485 3632 perpetuam
503 3549 658 3611 vicariam
675 3548 813 3611 ecclesie
825 3547 869 3610 de
882 3547 1079 3625 Sobintone,
1090 3547 1279 3611 ordinatam
1291 3551 1489 3612 auctoritate

230 3652 371 3718 Concilii
387 3652 559 3735 generalis,
575 3652 663 3716 facta
687 3652 901 3733 inquisitione
925 3672 984 3735 per
1006 3652 1054 3729 R,
1072 3651 1357 3715 Archidiaconum
1377 3653 1489 3715 Hunt·

229 3756 494 3841 ingdoniensem,
504 3754 692 3820 Officialem
708 3755 835 3818 domini
854 3755 1134 3832 Lincolniensem,
1146 3755 1314 3819 admissus
1329 3766 1389 3832 est,
1400 3766 1436 3820 et
1452 3757 1486 3819 in

229 3883 270 3925 ea
291 3860 453 3926 canonice
476 3859 657 3943 perpetuus
680 3860 820 3922 vicarius
845 3861 1025 3924 institutus.
1077 3859 1238 3924 Consistit
1262 3869 1374 3923 autem
1398 3861 1489 3924 dicta

230 3965 353 4030 vicaria
369 3965 401 4028 in
418 3974 491 4028 toto
514 3963 676 4046 altaragio
700 3963 786 4026 illius
809 3964 957 4040 ecclesie,
972 3973 1007 4027 et
1030 3965 1061 4027 in
1088 3963 1227 4027 decimis
1250 3963 1365 4028 decem
1381 3965 1489 4047 virga-

230 4081 340 4136 tarum
365 4079 461 4144 terre,
483 4067 618 4144 scilicet,
641 4067 782 4130 duarum
806 4068 1010 4150 virgatarum
1033 4067 1076 4130 de
1099 4067 1268 4130 dominico
1291 4067 1431 4132 ecclesie
1455 4078 1489 4131 et

230 4176 327 4240 unius
350 4175 478 4255 virgate
501 4193 602 4254 quam
632 4172 784 4255 Rogerus
809 4172 912 4237 Suein
935 4181 1036 4248 tenet,
1056 4181 1090 4235 et
1115 4172 1212 4235 unius
1239 4173 1366 4264 virgate
1386 4193 1488 4254 quam

231 4277 395 4344 Ricardus
411 4274 497 4339 filius
515 4275 709 4339 Herewardi
725 4285 826 4352 tenet,
838 4285 872 4339 et
888 4277 986 4338 unius
999 4278 1126 4358 virgate
1141 4295 1242 4357 quam
1258 4275 1368 4346 Matill
1381 4275 1490 4339 Comb

230 4393 321 4447 tenet
336 4391 370 4444 et
386 4381 484 4444 unius
496 4381 623 4462 virgate
639 4400 740 4461 quam
760 4380 861 4462 Hugo
875 4379 1012 4463 Auceps
1027 4390 1060 4442 et
1074 4379 1281 4462 Reginaldus
1294 4378 1489 4462 Pelliparius

229 4495 355 4561 tenent,
369 4493 404 4547 et
428 4484 524 4547 unius
547 4485 675 4566 virgate
698 4503 799 4564 quam
817 4482 987 4547 Gilbertus
1011 4483 1097 4546 lilius
1123 4482 1317 4547 Herewardi
1340 4492 1433 4546 tenet
1455 4493 1489 4546 et

231 4589 328 4653 unius
339 4589 469 4670 virgate
481 4607 582 4669 quam
597 4587 763 4650 Robertus
777 4585 913 4669 Auceps
929 4596 964 4649 et
979 4587 1082 4667 Hugo
1093 4585 1136 4648 de
1152 4587 1184 4649 la
1198 4586 1302 4650 Heise
1318 4595 1443 4663 tenent,
1455 4596 1489 4649 et

229 4693 327 4755 unius
339 4691 467 4772 virgate
483 4710 584 4772 quam
602 4690 709 4766 Berta,
719 4689 828 4768 vidua,
840 4700 941 4766 tenet,
953 4701 987 4754 et
1001 4693 1096 4753 unius
1108 4691 1235 4773 virgate
1247 4710 1348 4772 quam
1362 4688 1489 4752 Willel-

230 4817 304 4860 mus
317 4795 451 4880 Sweing
465 4803 573 4871 tenet;
590 4795 742 4858 consistit
757 4795 858 4858 etiam
876 4796 909 4857 in
926 4794 1031 4858 tribus
1042 4795 1161 4857 annuis
1173 4793 1347 4858 carectatis
1357 4793 1400 4856 de
1413 4793 1489 4858 seno

230 4898 479 4962 monachorum.
524 4897 678 4961 Vicarius
694 4908 807 4960 autem
823 4897 987 4961 sinodalia
1002 4898 1177 4979 persolvet,
1192 4908 1227 4960 et
1243 4896 1397 4960 monachi
1414 4896 1490 4960 hos-

229 5003 350 5086 pitium
375 5001 611 5065 Archidiaconi
637 5000 814 5066 invenient
861 4999 918 5065 Ad
943 4999 1100 5065 fabricam
1124 5020 1202 5063 vero
1225 4999 1364 5063 cancelli
1387 5009 1423 5062 et
1445 4999 1487 5062 ad

295 5111 367 5169 Vot.
381 5110 416 5168 11.
1406 5120 1424 5166 Ε
