3609 5642
357 556 428 627 286
706 555 842 629 Rutuli
857 554 1034 652 Hugonis
1054 548 1104 639 'de
1116 572 1118 577 '
1130 550 1263 635 Welles

356 704 408 711 —-.-
415 706 686 714 Ψ*-
709 708 784 714 -
791 708 874 713 —-

355 784 731 871 Leircestriajraxatam
750 815 810 877 per
824 795 999 859 dominum
1015 788 1227 877 'Episcopum
1251 794 1450 857 auctoritate
1467 790 1616 872 Concilii,

353 897 396 961 ad
418 898 560 966 eandem
574 898 746 962 'admissus
766 910 827 975 est,
842 908 903 963 etc.
951 898 1102 962 Habebit
1122 908 1235 961 autem
1260 898 1396 961 nomine
1417 892 1615 962 vicarie.sue

354 1000 494 1084 singulis
508 1001 627 1065 diebus
642 1001 686 1065 de
701 1002 843 1066 abbacia
860 1002 1066 1079 Leircestrie,
1082 1020 1184 1065 unum
1203 1001 1390 1065 corredium
1404 1002 1558 1065 canonici
1573 1001 1615 1065 ad

354 1124 439 1187 opus
469 1125 566 1168 suum
597 1115 632 1183 et
661 1104 847 1170 corredium
878 1107 1013 1169 scutarii
1040 1106 1083 1169 ad
1111 1126 1195 1188 opus
1220 1106 1327 1168 clerici
1355 1104 1415 1181 sui,
1439 1114 1474 1168 et
1498 1105 1615 1188 viginti

353 1208 478 1271 solidos
509 1228 569 1291 pro
599 1205 782 1292 stipendiis
829 1206 907 1272 Non
933 1208 1097 1273 habemus
1121 1209 1248 1273 litteras
1275 1208 1533 1293 presentationis
1558 1228 1617 1271 nec

353 1311 578 1394 inquisitionis
594 1314 655 1375 nisi
673 1314 782 1377 vivam
798 1333 916 1378 vocem
934 1312 1101 1377 Officialis.
1527 1313 1531 1319 ’

352 1599 503 1668 [Nicholas.
523 1600 662 1668 chaplain,
674 1601 825 1668 presented
837 1600 872 1669 dy
887 1600 933 1654 the
945 1600 1090 1669 *aforesaid
1104 1598 1194 1652 Ateor
1209 1598 1270 1651 and
1284 1598 1416 1659 convent,
1434 1599 1459 1649 is
1476 1597 1620 1651 imtituted

376 1745 381 1758 ι
417 1683 542 1750 νιῒανόί
551 1682 592 1736 St.
607 1682 923 1753 cununeueeicesten]

353 1774 356 1782 ’
440 1792 604 1857 V1cnn1A
635 1792 776 1860 Snucn
808 1794 1032 1859 Cuauaurrs
1069 1792 1455 1870 lernam-Nicholaus,
1485 1792 1617 1876 cappel-

353 1896 457 1976 lanus,
481 1906 693 1980 presentatus
723 1919 782 1981 per
805 1884 972 1982 predictos
996 1898 1167 1963 Abbatem
1192 1906 1226 1961 et
1245 1906 1447 1961 conventum
1476 1895 1519 1961 ad
1545 1917 1615 1980 per-

352 2011 489 2084 petuam
519 2002 677 2064 vicariam
709 2001 825 2066 Sancti
856 2002 1041 2067 Clementis
1072 2002 1104 2065 in
1137 2002 1343 2077 Leircestria‚
1374 2011 1528 2065 taxatam
1560 2021 1617 2083 per

353 2105 528 2169 dominum
546 2104 753 2189 Episcopum
770 2106 969 2169 auctoritate
985 2106 1135 2182 Concilii,
1151 2104 1194 2169 ad
1211 2104 1353 2169 eandem
1370 2104 1538 2169 admissus
1557 2115 1616 2181 est,

352 2217 413 2272 etc.
470 2209 516 2272 Et
544 2208 683 2272 habebit
712 2207 849 2273 nomine
879 2210 1000 2273 vicarie
1030 2230 1089 2272 sue
1119 2228 1223 2272 unum
1254 2208 1450 2285 corredium,
1480 2218 1552 2284 ete,
1581 2219 1617 2269 ut

352 2332 455 2395 supra
484 2314 517 2375 in
544 2314 753 2377 institutione
784 2314 948 2396 proxima.
995 2314 1040 2377 Et
1072 2313 1259 2394 injunctum
1290 2322 1341 2376 est
1372 2310 1527 2389 officiali,
1556 2322 1615 2376 etc.

354 2414 433 2479 Non
449 2416 621 2496 habemus
636 2426 698 2481 etc.

351 2672 501 2743 [William.
516 2674 656 2743 caapoen,
668 2674 818 2742 presented
831 2674 865 2743 by
883 2675 930 2727 the
949 2674 1092 2743 aforesaid
1104 2674 1193 2727 Abeot
1210 2673 1271 2727 and
1287 2674 1456 2737 Conventus
1474 2672 1618 2727 instituted

413 2758 541 2826 vicoras
550 2757 605 2810 All
613 2758 724 2822 Shints',
737 2756 902 2825 Leieester.]f
951 2800 954 2805 .

357 2908 361 2915 -
439 2866 604 2932 Vrcunm
635 2868 804 2933 Ouurun
838 2851 1080 2934 Snucrouuu
1119 2866 1510 2945 Iarban-Willelmus,
1539 2886 1614 2949 cap-

353 2970 515 3053 pellanus,
544 2982 756 3054 presentatus
787 2993 846 3055 per
871 2972 1041 3056 predictos
1073 2958 1242 3035 Abbatem
1275 2980 1309 3035 et
1338 2980 1542 3035 conventum
1572 2969 1613 3033 ad

352 3084 547 3159 perpetuam
572 3076 729 3139 vicariam
754 3076 917 3141 Omnium
943 3076 1143 3141 Sanctorum
1171 3076 1205 3138 in
1234 3076 1440 3152 Leircestria,
1461 3084 1613 3138 taxatam

352 3188 424 3256 etc,
439 3178 605 3242 admissus
620 3190 680 3256 est,
696 3188 758 3243 etc.
805 3180 850 3243 Et
866 3179 1012 3255 habebit,
1028 3191 1099 3256 etc,
1115 3190 1151 3243 ut
1172 3199 1273 3261 supra
1294 3179 1409 3245 Sancti
1433 3177 1613 3242 Michaelis.

354 3282 399 3346 Et
415 3283 603 3364 injunctum
619 3292 670 3346 est
687 3282 840 3359 Officiali,
855 3293 917 3347 etc.
964 3282 994 3345 N
998 3304 1036 3373 ec
1051 3283 1223 3359 habemus
1237 3292 1299 3346 ete.

360 3614 363 3619 ·
440 3591 509 3677 [On
525 3590 683 3656 the'clorse
698 3596 737 3673 os
753 3604 844 3656 mem.
860 3613 882 3657 2
892 3588 962 3678 :'-]

848 3731 988 3807 Auuus
1012 3728 1122 3794 x111¹¹⁸·

351 3856 459 3924 [napa
478 3855 511 3909 ee
529 3835 679 3919 sermea,
691 3856 770 3921 cure,
783 3858 808 3909 o
827 3856 1049 3911 eumaeum
1064 3873 1083 3909 a
1097 3858 1212 3925 portion
1227 3857 1263 3924 os
1276 3855 1322 3909 ne
1338 3855 1439 3909 ceurce
1456 3856 1493 3923 os
1504 3854 1617 3925 Louge-

414 3935 546 4004 horougk.
580 3935 626 3990 He
636 3936 701 3989 will
709 3936 740 3989 he
750 3938 895 3991 hutiueted
902 3938 985 3992 when
997 3954 1071 3992 more
1076 3938 1227 4007 proficient
1235 3939 1266 3990 in
1277 3938 1430 4007 kunring]

440 4048 956 4114 LUCTELEBUR1.-Commissa
976 4062 1028 4114 est
1046 4049 1198 4114 custodia
1219 4048 1388 4133 pensionis
1408 4048 1510 4111 trium
1530 4069 1615 4113 mar-

352 4173 465 4216 carum
496 4152 635 4216 ecclesie
664 4152 708 4216 de
734 4153 945 4217 Lucteleburi
978 4152 1124 4217 Radulso
1149 4154 1192 4217 de
1216 4152 1392 4229 Tureville,
1416 4151 1546 4227 clerico,
1572 4152 1615 4217 ad

352 4276 427 4320 eam
457 4277 516 4340 per
547 4255 728 4338 Hugonem
764 4257 1018 4340 Dispensarium
1053 4267 1254 4343 presentat0,
1284 4276 1389 4341 usque
1417 4255 1462 4319 ad
1493 4255 1614 4320 festum

354 4360 469 4426 Sancti
504 4359 678 4423 Michaelis
707 4381 797 4425 anno
827 4361 1042 4446 pontificatus
1072 4362 1200 4426 domini
1233 4361 1392 4444 Episcopi
1420 4359 1515 4441 xiiij⁰.
1564 4362 1615 4425 lta

352 4463 443 4546 quod
467 4464 599 4527 interim
622 4463 733 4527 dictus
758 4465 924 4530 Radulfus
947 4465 1099 4530 addiscat
1122 4466 1154 4529 in
1181 4466 1287 4542 scolis,
1309 4475 1344 4528 et
1366 4462 1410 4528 ad
1441 4464 1614 4547 proximos

353 4568 487 4632 ordines
510 4578 589 4631 ante
611 4568 739 4632 dictum
756 4569 885 4633 testum
911 4570 1026 4635 Sancti
1052 4570 1226 4634 Michaelis
1249 4569 1291 4633 ad
1314 4569 1491 4633 dominum
1518 4568 1614 4653 Epis-

320 4714 324 4721 ·
352 4692 474 4754 copum
495 4672 608 4735 veniat
626 4672 882 4751 examinandus,
903 4684 940 4737 ut
960 4674 987 4736 si
1009 4676 1042 4736 in
1063 4673 1162 4737 scolis
1182 4682 1313 4737 tantum
1330 4683 1410 4736 tunc
1430 4672 1614 4756 profecerit,

353 4773 444 4857 quod
474 4775 596 4857 dignus
626 4777 669 4839 sit
699 4776 742 4839 ad
781 4777 870 4840 illam
910 4778 1105 4860 pensionem
1136 4778 1278 4853 admitti,
1310 4776 1529 4853 admittatur;
1564 4776 1612 4839 sin

353 4888 466 4943 autem
496 4878 601 4943 dicta·
617 4879 768 4944 custodia
793 4882 946 4964 privetur.
994 4882 1039 4945 Et
1064 4881 1260 4952 mandatum
1288 4891 1339 4945 est
1368 4879 1614 4945 Archidiacono

355 4982 584 5047 Leircestriej'*
693 5012 697 5017 -
