3609 5642
340 523 409 589 160
686 514 823 585 Rotnlz'
838 512 1016 608 Hngenis
1032 514 1077 585 de
1104 513 1236 586 Welles

333 755 375 818 de
392 755 598 828 Stavertone‚
614 752 701 814 sacta
718 750 808 834 prius
824 752 1037 834 inquisitione
1054 773 1113 835 per
1129 753 1330 835 Magistrum
1348 753 1391 828 S,
1403 753 1590 818 Officialem

335 857 611 938 Norhamptonie,
627 874 811 937 perquam,
827 865 897 932 etc,
914 855 956 919 ad
972 855 1116 919 eandem
1134 856 1302 919 admissus
1321 866 1380 932 est,
1396 878 1471 919 cum
1492 877 1592 920 onere

334 973 367 1025 et
384 982 469 1043 pena
486 960 690 1034 vicariorum,
705 967 766 1021 etc.
815 959 860 1022 Et
877 959 1073 1023 mandatum
1090 969 1142 1023 est
1156 959 1248 1022 dicto
1265 959 1409 1025 Officiali
1425 971 1471 1037 ut,
1487 970 1549 1024 etc.

336 1305 464 1372 [Vt'ncent
478 1303 511 1356 de
534 1303 651 1364 Ristone,
672 1303 808 1371 chaplain
822 1301 973 1370 presented
991 1302 1025 1369 by
1042 1303 1143 1355 Robert
1160 1302 1264 1367 Basset,
1286 1304 1312 1355 is
1333 1303 1479 1356 instituted
1499 1309 1527 1356 to
1550 1304 1594 1356 ne

401 1385 500 1440 cnnrct
513 1385 549 1452 of
559 1384 685 1437 Rusnton
697 1385 736 1438 st.
749 1384 853 1450 Peren]

424 1494 683 1560 RISTONE.-ll
703 1494 874 1557 Kalendas
896 1493 1022 1576 Aprilis
1038 1494 1237 1558 Vincentius
1254 1494 1298 1557 de
1315 1495 1465 1571 Ristone,
1485 1495 1593 1577 capel-

336 1602 440 1687 lanuS,
455 1607 665 1681 presentatus
685 1619 744 1680 per
761 1598 946 1661 Robertum
969 1597 1087 1660 Basset
1107 1597 1150 1660 ad
1170 1598 1346 1661 ecclesiam
1368 1597 1484 1662 Sancti
1508 1599 1593 1661 Petri

316 1705 377 1767 'de
401 1703 550 1778 Ristone,
574 1701 662 1766 laeta
684 1701 774 1783 prius
797 1702 1011 1782 inquisitione
1034 1722 1093 1783 per
1117 1701 1319 1784 Magistrum
1346 1701 1389 1778 S,
1406 1701 1592 1766 Officialem

338 1807 613 1888 Norhamptonie,
628 1825 812 1887 perquam,
828 1814 898 1882 etc,
915 1804 958 1866 ad
973 1804 1116 1867 eandem
1133 1804 1299 1867 admissus
1321 1815 1381 1882 est,
1397 1825 1473 1867 cum
1496 1825 1595 1867 onere

337 1909 502 1973 residendi
519 1907 736 1990 personaliter
752 1908 784 1969 in
805 1907 933 1984 eadem,
949 1916 1010 1970 etc.
1058 1909 1103 1970 Et
1122 1908 1319 1971 mandatum
1339 1919 1390 1972 est
1410 1909 1459 1984 R,
1477 1907 1594 1971 Archi-

337 2015 479 2077 diacono
497 2012 762 2093 Norhamptonie
779 2021 824 2086 ut,
840 2022 901 2074 ete.

340 2357 476 2424 [Thomas
497 2355 530 2408 de
547 2355 645 2412 Risete,
662 2353 830 2417 suddeacon,
845 2354 996 2421 presented
1012 2353 1045 2422 by
1061 2353 1162 2406 Robert
1177 2354 1291 2417 Briton',
1309 2355 1335 2406 is
1350 2354 1496 2406 nentated
1510 2359 1537 2406 to
1553 2353 1597 2406 the

405 2438 504 2491 ctrnrcn
516 2439 551 2506 os
556 2436 691 2496 Siberton‚
703 2436 734 2488 in
745 2436 790 2488 ne
803 2436 905 2503 pariete
917 2436 954 2504 of
962 2435 1176 2504 rnemnaugnq

429 2546 852 2614 SIBERTONE.—Thomas
872 2547 915 2609 de
937 2547 1038 2623 Risle,
1057 2547 1290 2622 subdiaconus,
1310 2556 1519 2630 presentatus
1540 2567 1597 2630 per

341 2652 526 2715 Robertum
544 2651 668 2714 Briton’
694 2651 736 2713 ad
760 2651 934 2713 ecclesiam
959 2649 1002 2712 de
1025 2649 1210 2725 Sibertone,
1234 2649 1322 2712 lacta
1345 2651 1435 2732 prius
1463 2651 1596 2733 inquisi-

341 2757 431 2819 tione
463 2775 520 2837 per
547 2755 597 2832 R,
624 2753 907 2816 Archidiaconum
941 2753 1217 2835 Norhamptonie,
1242 2774 1301 2835 per
1324 2774 1436 2836 quam,
1460 2764 1531 2829 etc,
1556 2752 1597 2815 ad

341 2859 482 2923 eandem
506 2857 671 2920 admissus
694 2867 753 2934 est,
768 2867 830 2920 etc.
879 2857 924 2919 Et
948 2856 1145 2919 mandatum
1169 2866 1219 2919 est
1239 2857 1331 2919 dicto
1351 2857 1598 2920 Archidiacono

343 2972 387 3039 ut,
403 2972 464 3025 etc.

342 3217 485 3284 [Willtam
501 3219 534 3271 de
552 3217 658 3284 Burgo.
670 3216 839 3277 snbdeaeon,
854 3215 1003 3283 presented
1018 3214 1051 3278 by
1069 3215 1115 3267 tlte
1133 3214 1223 3267 Abbot
1238 3215 1300 3267 and
1318 3215 1445 3268 Convent
1462 3217 1498 3284 of
1509 3215 1601 3268 Peter-

407 3299 537 3368 borongtz,
550 3301 574 3352 is
585 3297 732 3350 instituted
741 3297 822 3350 tutte
834 3296 933 3350 cnurclt
946 3297 981 3365 os
988 3295 1129 3364 Peakirkl

431 3409 932 3474 PEl'CHERCHE.—Willelmus
949 3408 992 3470 de
1008 3408 1129 3490 Burgo,
1144 3407 1376 3484 subdiaconus,
1393 3417 1602 3490 presentatus

345 3537 403 3598 per
418 3515 589 3578 Abbatem
605 3523 639 3576 et
655 3521 856 3592 conventum
873 3510 917 3574 de
934 3511 1045 3593 Burgo
1062 3512 1177 3576 Sancti
1199 3511 1286 3574 Petri
1307 3509 1350 3573 ad
1369 3511 1543 3573 ecclesiam
1560 3510 1602 3574 de

347 3619 557 3697 Peychirche,
581 3617 669 3679 lacta
693 3617 782 3698 prius
806 3614 1021 3697 inquisitione
1046 3635 1105 3696 per
1129 3614 1328 3696 Magistrum
1353 3613 1396 3689 S,
1414 3614 1600 3679 Officialem

346 3721 620 3803 Norhamptonie,
641 3741 700 3803 per
722 3739 833 3801 quam,
852 3728 923 3791 etc..
943 3717 986 3780 ad
1010 3718 1152 3781 eandem
1176 3716 1342 3779 admissus
1364 3729 1425 3794 est,
1448 3727 1510 3781 etc.
1558 3718 1601 3780 Et

345 3826 541 3889 mandatum
557 3835 608 3887 est
624 3824 714 3887 dicto
731 3822 874 3887 Officiali
891 3833 937 3898 ut,
952 3831 1014 3884 etc.

344 4169 446 4237 [Hnglr
458 4168 492 4220 de
502 4168 583 4220 elevo
597 4168 699 4224 Castro.
711 4167 848 4234 chaplain,
856 4166 1005 4232 presented
1013 4165 1046 4232 by
1050 4165 1081 4230 J.
1090 4163 1124 4218 de
1135 4164 1241 4232 Lascey,
1254 4164 1395 4217 Constable
1405 4165 1441 4232 os
1449 4163 1567 4225 Cnester,
1579 4167 1604 4216 is

408 4249 553 4302 nestitnted
568 4255 595 4302 to
617 4250 663 4301 tlte
684 4253 741 4300 two
755 4250 882 4316 portione
904 4248 939 4315 os
958 4247 1005 4299 tlte
1021 4246 1123 4300 churcn
1145 4247 1181 4314 os
1194 4246 1319 4314 Clipston
1340 4246 1431 4298 wltr'cn
1454 4245 1551 4299 Osbert
1570 4246 1604 4298 de

409 4333 525 4385 wauton
537 4333 593 4385 lest
602 4332 686 4395 held]

432 4435 805 4517 CLIPSTONE.-Hugo
825 4434 868 4496 de
893 4433 991 4495 Novo
1018 4431 1145 4506 Castro,
1163 4430 1365 4513 capellanus,
1388 4442 1604 4513 presentatus

346 4562 403 4622 per
427 4539 572 4603 nobilem
597 4540 702 4602 virum
723 4539 750 4620 J.
772 4538 814 4601 de
839 4538 977 4618 Lascey,
993 4534 1285 4599 Constabularium
1310 4535 1445 4612 Cestrie,
1460 4535 1502 4599 ad
1519 4536 1603 4598 duas

345 4657 456 4728 partes
482 4644 620 4708 ecclesie
647 4643 689 4706 de
716 4643 898 4724 Clipstone,
926 4661 1010 4722 quas
1041 4639 1204 4704 Osbertus
1230 4639 1273 4702 de
1298 4639 1461 4702 Londone
1485 4640 1603 4703 ultimo

344 4750 460 4824 tenuit,
481 4749 568 4810 lacta
591 4749 681 4829 prius
703 4747 917 4829 inquisitione
940 4765 999 4826 per
1023 4743 1224 4826 Magistrum
1246 4742 1289 4818 S.,
1305 4742 1492 4807 Officialem
1518 4743 1602 4806 Nor-

344 4853 548 4935 hamptonie,
569 4871 757 4934 perquam,
777 4860 849 4927 etc,
864 4849 907 4912 ad
928 4851 1017 4931 ipsas
1036 4847 1120 4911 duas
1145 4858 1256 4930 partes
1276 4847 1442 4909 admissus
1460 4857 1522 4924 est,
1540 4859 1602 4912 etc.

345 4957 390 5019 Et
407 4955 603 5018 mandatum
619 4964 670 5017 est
685 4954 776 5017 dicto
793 4952 937 5017 Officiali
952 4961 997 5028 ut,
1015 4961 1076 5014 ete.
