3609 5642
299 572 367 622 roo
637 548 772 621 Rotnlz'
795 547 974 642 Hugonis
998 547 1042 619 de
1069 546 1201 619 Welles

288 808 389 870 quarn
414 789 584 869 negotium
609 787 671 850 suit
695 788 727 850 in
750 786 921 868 expeditu,
944 786 1109 848 admissus
1132 796 1183 849 est
1205 794 1239 849 et
1263 786 1297 848 in
1323 806 1364 848 ea
1386 786 1547 848 canonice

289 911 430 973 persona
468 891 659 968 institutus;
700 890 791 952 salva
821 889 919 953 dictis
948 889 1073 953 Abbati
1104 899 1138 952 et
1168 890 1345 952 conventui
1384 908 1495 952 annua
1522 911 1547 951 x

290 1015 474 1061 marcarum
492 995 658 1076 pensione.
705 994 749 1056 Et
766 991 953 1074 injunctum
969 1003 1019 1056 est
1036 992 1292 1068 Archidiacono,
1307 1002 1368 1055 ete

288 1339 425 1408 [Clement
434 1338 467 1390 de
479 1337 673 1391 Melcheburne
683 1339 707 1388 is
719 1337 864 1389 instituted
878 1341 905 1389 to
921 1336 966 1388 tiu
979 1336 1079 1390 cnurct
1094 1338 1130 1405 of
1135 1337 1217 1390 Stoke
1230 1335 1298 1405 Dry,
1309 1335 1443 1400 Rutlond,
1455 1352 1491 1389 on
1503 1336 1550 1389 the

348 1421 536 1488 presentationi
555 1421 591 1488 os
602 1418 647 1471 tlte
663 1420 750 1471 Prior
765 1420 801 1488 os
812 1418 857 1471 tire
877 1417 1070 1486 Hospitollers,
1089 1418 1154 1470 oto
1172 1418 1232 1471 had
1234 1418 1347 1486 proved
1364 1418 1409 1471 Iris
1427 1418 1553 1486 rightos

348 1505 506 1570 patronoge
516 1502 631 1569 against
642 1501 749 1553 Gilbert
757 1501 790 1553 de
801 1500 933 1552 Hauoilt
938 1517 952 1561 ,·
968 1498 1062 1566 Ralplr
1074 1499 1107 1552 de
1123 1499 1247 1552 Wicltom
1258 1499 1318 1553 also
1329 1499 1389 1552 tad
1398 1499 1553 1554 renounced

354 1585 398 1638 tris
409 1583 511 1652 claim]

378 1703 476 1766 DRIE
500 1701 844 1783 Sionis—Magister
857 1700 1012 1765 Clemens
1024 1700 1067 1763 de
1082 1700 1327 1778 Melchebume,
1339 1709 1549 1784 presentatus

289 1828 347 1890 per
387 1807 531 1870 Priorem
572 1807 725 1869 Fratrum
766 1804 953 1886 Hospitalis
990 1803 1250 1885 Jerosolimitani
1285 1805 1319 1867 in
1351 1804 1476 1888 Anglia
1505 1804 1549 1867 ad

289 1909 462 1973 ecclesiam
473 1908 516 1972 de
529 1907 749 1985 Drie-Stoke’,
762 1907 849 1971 facta
861 1907 953 1990 prius
963 1895 1179 1988 inquisitione
1192 1928 1251 1988 per
1263 1907 1548 1971 Archidiaconum

291 2013 566 2095 Norhamptonie,
584 2022 655 2088 etc,
675 2013 836 2094 susceptis
856 2020 890 2073 et
916 2010 1032 2074 litteris
1059 2011 1186 2074 domini
1213 2011 1317 2094 Regis
1341 2010 1431 2094 quod
1460 2011 1549 2074 idern

291 2118 383 2180 Prior
397 2117 494 2179 evicit
508 2115 563 2197 jus
579 2124 773 2198 patronatus
790 2115 822 2178 in
840 2115 930 2177 curia
939 2135 999 2177 sua
1015 2124 1130 2177 contra
1147 2114 1334 2178 Gilbertum
1347 2114 1390 2178 de
1404 2114 1550 2178 Hauvill’

289 2229 323 2284 et
339 2219 428 2302 quod
449 2240 516 2282 non
532 2220 687 2282 obstante
711 2219 955 2294 reclamatione,
970 2227 1041 2294 etc,
1057 2217 1203 2281 Radulio
1218 2219 1319 2282 etiam
1336 2218 1379 2282 de
1395 2218 1550 2281 Wicham

288 2323 351 2406 juri
368 2323 457 2405 quod
475 2345 509 2386 se
525 2323 658 2386 dicebat
670 2323 791 2385 habere
808 2323 840 2385 in
856 2321 948 2385 dicto
959 2331 1137 2404 patronatu
1149 2322 1369 2398 renuntiante,
1381 2321 1548 2385 admissus

290 2436 341 2490 est
360 2436 394 2488 et
414 2427 447 2488 in
467 2446 506 2488 ea
530 2426 689 2487 canonice
715 2445 856 2506 persona
881 2425 1062 2501 institutus,
1083 2445 1159 2487 cum
1184 2445 1284 2488 onere
1311 2425 1352 2487 ad
1379 2426 1553 2509 proximos

290 2530 423 2594 ordines
447 2529 599 2592 veniendi
624 2530 716 2592 utin
741 2528 983 2592 subdiaconum
1012 2528 1204 2604 ordinetur;
1232 2538 1266 2591 et
1289 2527 1475 2610 injunctum
1498 2538 1551 2592 est

293 2633 540 2696 Archidiacono
557 2634 710 2715 presenti,
725 2642 785 2696 etc.

291 2891 433 2960 [Wlliom
451 2890 485 2942 de
502 2891 641 2942 Neoiltrs
657 2889 801 2942 instituted
812 2893 838 2942 to
855 2889 900 2941 the
914 2889 1015 2941 church
1034 2890 1070 2957 os
1081 2889 1249 2949 Brannston,
1268 2889 1432 2948 Northonts.
1450 2905 1487 2942 on
1506 2889 1553 2941 tlte

356 2973 545 3039 presmtotion
579 2972 615 3039 of
639 2971 765 3024 Willirm
791 2971 825 3024 de
852 2971 1006 3039 Aubeigny,
1041 2970 1166 3024 Willrom
1193 2971 1227 3024 dc
1254 2971 1311 3024 Ros
1337 2971 1399 3023 and
1423 2971 1548 3039 Hylam

360 3053 527 3122 morabut]

381 3172 888 3238 BRANTESTON'.-Willelmus
904 3172 947 3236 de
964 3172 1092 3249 Nevill’,
1109 3182 1320 3254 presentatus
1341 3193 1400 3256 per
1426 3173 1551 3236 Willel-

294 3296 385 3341 mum
406 3276 448 3340 de
471 3275 659 3358 Aubeigny,
677 3275 881 3338 Willelmum
901 3275 944 3339 de
966 3277 1035 3338 Ros
1055 3287 1089 3338 et
1112 3275 1286 3358 Hylariam
1308 3275 1493 3340 Trossebut
1509 3277 1552 3341 ad

292 3380 465 3446 ecclesiam
490 3379 532 3443 de
564 3380 772 3455 Branteston,
795 3379 882 3441 sacta
914 3379 1004 3460 prius
1035 3380 1248 3461 inquisitione
1274 3400 1333 3462 per
1361 3380 1409 3458 R,
1434 3380 1552 3444 Archi-

293 3484 472 3547 diaconum
505 3483 780 3565 Norhamptonie,
811 3502 869 3564 per
899 3502 1010 3563 quam,
1032 3492 1103 3558 etc,
1126 3482 1292 3546 admissus
1315 3493 1366 3545 est
1393 3493 1427 3546 et
1450 3484 1482 3545 in
1513 3503 1554 3546 ea

294 3588 453 3650 canonice
466 3606 605 3668 persona
617 3587 787 3647 institutus
799 3605 875 3647 cum
886 3605 987 3649 onere
1002 3585 1044 3647 ad
1062 3585 1234 3667 proximos
1250 3584 1383 3648 ordines
1399 3584 1553 3649 veniendi

294 3703 328 3754 et
343 3690 450 3754 scolas
465 3688 711 3771 frequentandi;
734 3689 890 3770 alioquin,
906 3698 976 3765 etc,
987 3699 1022 3752 et
1034 3687 1220 3769 injunctum
1236 3698 1287 3752 est
1300 3689 1556 3766 Archidiacono,

294 3804 355 3858 etc.

295 4065 411 4136 [Robert
424 4065 531 4129 deacon,
547 4065 696 4133 presented
704 4066 737 4135 by
753 4066 849 4134 Roger
865 4065 899 4118 de
913 4065 1067 4132 Cantilupo,
1084 4065 1117 4133 by
1127 4080 1225 4118 reason
1242 4067 1278 4134 os
1288 4065 1334 4118 the
1344 4065 1455 4135 oistody
1465 4066 1502 4133 os
1512 4066 1558 4119 tlte

361 4147 432 4200 larrd
452 4147 512 4200 and
532 4148 593 4200 heir
611 4148 646 4215 of
664 4148 743 4213 John
766 4148 799 4200 de
826 4146 986 4206 Fraor'neto,
1009 4147 1035 4198 is
1061 4148 1207 4200 instituted
1225 4153 1253 4200 to
1275 4147 1321 4201 tire
1341 4151 1503 4216 parsonoge
1523 4148 1560 4217 of

363 4229 514 4296 Clrpshom,
527 4229 660 4293 Rntland,
673 4229 824 4296 consisting
835 4229 871 4296 of
882 4230 953 4293 rool-
963 4229 1137 4296 ayeorpoid
1144 4229 1177 4297 by
1189 4229 1317 4294 Rr'clrard,
1330 4229 1376 4282 the
1391 4231 1492 4298 Vican]

386 4365 834 4428 KILPESHAM.—Robertus
850 4364 1020 4442 diaconus,
1033 4374 1242 4448 presentatus
1265 4365 1307 4430 ad
1325 4366 1499 4431 ecclesiam
1515 4367 1559 4430 de

300 4469 497 4552 Kilpesham
523 4489 581 4552 per
605 4469 772 4551 Rogerum
796 4468 838 4531 de
862 4468 1042 4552 Cantilupo
1074 4470 1200 4532 ratione
1230 4470 1381 4533 custodie
1411 4480 1496 4534 terre
1524 4481 1559 4534 et

299 4572 429 4638 heredis
459 4573 621 4655 Johannis
651 4572 694 4635 de
725 4572 917 4649 Fraxineto,
944 4571 1031 4634 sacta
1055 4573 1146 4655 prius
1177 4573 1390 4655 inquisitione
1421 4595 1480 4656 per
1510 4574 1560 4651 R.,

301 4677 582 4741 Archidiaconum
601 4676 876 4758 Norhamptonie,
893 4696 951 4757 per
966 4696 1076 4758 quarn,
1091 4686 1162 4754 etc,
1178 4677 1343 4740 admissus
1356 4687 1408 4740 est
1423 4687 1458 4741 et
1470 4679 1503 4740 in
1519 4699 1559 4741 ea

300 4783 459 4844 canonice
486 4801 627 4863 persona
663 4781 855 4856 institutus;
893 4780 985 4841 salva
1023 4779 1168 4843 Ricardo
1203 4780 1401 4863 cappellano
1438 4781 1560 4844 vicaria

300 4905 400 4966 quarn
417 4884 517 4946 habet
534 4883 566 4945 in
584 4881 723 4959 eadem;
746 4883 801 4963 qui
825 4880 949 4944 dictam
967 4881 1140 4944 ecclesiam
1165 4883 1292 4947 tenebit
1315 4885 1560 4966 quoadvixerit,

301 4986 471 5052 reddendo
498 4985 576 5050 inde
605 4994 739 5048 centum
770 4984 895 5048 solidos
922 5004 1062 5064 annuos,
1092 4987 1227 5050 nomine
1251 4988 1430 5073 pensionis,
1456 4987 1561 5072 ipsius
