3609 5642
573 540 751 635 Episcopi
774 540 1056 614 Lz'ncolm'ensz's.
1375 562 1442 632 227

188 780 319 861 patroni
342 780 482 844 ecclesie
501 781 545 844 de
564 780 778 858 Werketone,
797 781 957 845 dilectum
979 782 1011 843 in
1036 781 1169 846 Christo
1192 781 1296 845 filium
1322 782 1446 864 Magis-

187 893 273 947 trum
305 882 545 948 Alexandrum
577 883 619 946 de
651 883 776 948 Sancto
812 883 1004 961 Edmund0,
1035 886 1200 962 clericum,
1229 884 1272 948 ad
1302 886 1444 949 candem

186 987 362 1051 ecclesiam
380 988 555 1050 admisisse
572 989 749 1069 ipsumque
765 988 797 1050 in
818 1008 860 1051 ea
880 988 1041 1051 canonice
1057 1009 1234 1071 personam
1256 990 1446 1066 instituisse,

186 1091 283 1154 salvis
298 1102 363 1155 etc.
411 1091 511 1175 Quod
528 1101 564 1154 ut
580 1103 651 1169 etc,
667 1093 807 1157 testibus
823 1103 857 1157 et
873 1093 953 1157 data
969 1101 1006 1155 ut
1022 1112 1122 1175 supra
1138 1106 1230 1159 carta
1246 1096 1409 1178 proxima.

753 1303 882 1315 ..ι-

186 1436 227 1501 [T
222 1435 257 1489 lie
267 1438 431 1489 mutuabit
443 1439 479 1505 os
489 1437 613 1490 William
625 1437 659 1489 de
672 1437 822 1505 lycheseld
829 1444 856 1491 to
868 1437 913 1491 tlte
923 1398 1223 1508 churcliosHarleston
1230 1456 1245 1501 ,·
1254 1455 1298 1493 see
1304 1443 1335 1507 p.
1346 1438 1413 1507 ijo]

271 1556 759 1621 HERLESTONE.-Omnibus
778 1570 838 1621 etc.
886 1558 1025 1621 Noverit
1048 1559 1244 1622 universitas
1260 1568 1369 1623 vestra
1385 1580 1446 1623 nos

184 1658 224 1723 ad
245 1662 533 1743 presentationem
554 1661 751 1725 dilectorum
773 1668 805 1724 in
831 1662 974 1737 Christo,
998 1662 1117 1725 Prioris
1140 1673 1174 1725 et
1198 1672 1381 1726 conventus
1404 1663 1446 1727 de

186 1764 351 1841 Lentone,
374 1774 591 1846 patronorum
614 1765 754 1828 ecclesie
775 1766 819 1828 de
844 1765 1052 1842 Herlestone,
1076 1766 1235 1829 dilectum
1257 1767 1289 1829 in
1312 1766 1446 1830 Christo

185 1866 286 1931 filium
313 1869 518 1949 Magistrum
542 1869 748 1932 Willclmum
772 1869 815 1931 de
837 1868 1030 1951 Lychefeld,
1055 1869 1221 1946 clericum,
1241 1869 1283 1933 ad
1303 1869 1444 1935 eandem

184 1973 360 2035 ecclesiam
377 1974 553 2037 admisisse
568 1975 745 2057 ipsumque
761 1974 793 2035 in
810 1994 850 2035 ea
871 1974 1030 2036 canonice
1047 1993 1223 2056 personam
1242 1974 1423 2037 instituisse
1439 1997 1445 2049 ;

184 2075 282 2139 salvis
296 2086 363 2140 etc.
410 2076 510 2159 Quod
528 2086 564 2140 ut
579 2086 650 2153 etc,
666 2076 807 2139 testibus
823 2086 857 2140 et
872 2076 953 2140 data
969 2087 1005 2140 ut
1021 2098 1121 2161 supra
1136 2087 1229 2141 ‘carta
1245 2079 1408 2159 proxima.

183 2420 252 2483 [Tire
262 2420 427 2474 mutinen
438 2422 474 2490 of
484 2420 609 2474 William
620 2422 654 2475 de
668 2422 780 2475 Cretone
790 2426 817 2473 to
828 2421 874 2474 tlte
881 2420 981 2474 chureii
993 2422 1029 2488 os
1037 2422 1123 2475 Great
1134 2422 1251 2475 Creatori
1258 2440 1272 2485 ,·
1284 2438 1326 2475 see
1333 2426 1364 2489 p.
1377 2425 1445 2490 [μ]

268 2541 681 2606 carrona-Omnibus
704 2552 764 2607 etc.
812 2541 952 2605 Noverit
971 2542 1167 2605 unIversitas
1187 2551 1297 2606 vestra
1317 2563 1378 2605 nos
1399 2542 1444 2607 ad

185 2646 470 2727 presentationem
505 2644 659 2729 Hugonis
686 2647 729 2710 de
769 2644 1023 2723 Hwichentone,
1055 2647 1185 2729 patroni
1224 2647 1363 2710 ecclesie
1401 2648 1444 2710 de

185 2750 332 2815 Cretone
371 2749 499 2813 ratione
537 2750 619 2815 Sare
657 2752 772 2814 uxoris
809 2772 876 2827 sue,
907 2749 1066 2813 dilectum
1106 2752 1138 2812 in
1175 2748 1308 2814 Christo
1339 2750 1443 2815 filium

185 2854 394 2918 Willelmum
419 2853 462 2917 de
485 2855 638 2931 Cretone,
657 2855 823 2931 clericum,
843 2852 885 2917 ad
910 2854 1052 2917 eandem
1074 2853 1247 2917 ecclesiam
1269 2852 1445 2919 admisisse

184 2960 364 3043 ipsumque
388 2961 421 3023 in
445 2983 485 3025 ca
508 2963 667 3025 canonice
691 2982 867 3045 personam
892 2962 1085 3037 instituisse,
1108 2960 1207 3021 salvis
1229 2968 1291 3023 etc.
1338 2960 1439 3043 Quod

185 3073 219 3126 ut
237 3076 311 3139 etc,
333 3064 476 3128 testibus
495 3076 531 3129 et
549 3065 630 3129 data
650 3077 687 3129 ut
708 3068 739 3129 in
762 3075 853 3129 carta
872 3066 915 3129 de
935 3064 1100 3128 Wiketost
1121 3066 1154 3127 in
1174 3062 1443 3127 archidiaconatu

187 3168 369 3233 Lincolnie.

183 3425 252 3489 [Tite
259 3427 422 3479 institution
430 3427 466 3494 os
461 3426 541 3491 John
549 3427 583 3479 de
590 3427 730 3480 Rouwellc
739 3432 765 3479 lo
772 3427 980 3494 theparsonage
987 3426 1106 3494 osliittle
1115 3424 1256 3485 Romen,-
1269 3425 1445 3489 Oct.5,1228.]

270 3545 714 3610 BUGEDUNE,-Omnibus
741 3557 801 3608 etc.
861 3545 1001 3607 Noverit
1028 3544 1225 3607 universitas
1250 3553 1360 3606 vestra
1382 3563 1443 3605 nos

185 3649 225 3712 ad
252 3650 541 3732 presentationem
572 3649 769 3712 dilectorum
796 3648 948 3724 filiorum,
978 3650 1097 3712 Prioris
1131 3658 1165 3711 et
1191 3656 1375 3710 conventus
1401 3645 1444 3709 de

188 3752 316 3829 Lauda,
342 3764 559 3835 patronorum
585 3754 724 3816 ecclesie
754 3753 796 3817 de
824 3752 1038 3835 Buggedone,
1063 3750 1222 3814 dilectum
1249 3751 1281 3813 in
1309 3750 1442 3814 Christo

186 3854 288 3918 filium
321 3854 510 3936 Johannem
542 3856 585 3919 de
617 3856 796 3932 Rouwelle,
827 3856 993 3931 clericum,
1022 3854 1064 3917 ad
1096 3854 1237 3918 eandem
1268 3854 1440 3917 ecclesiam

185 3958 372 4034 admisisse,
399 3960 576 4041 ipsumque
607 3960 639 4021 in
667 3980 707 4021 ea
737 3960 897 4021 canonice
928 3977 1104 4040 personam
1136 3958 1325 4032 instituisse,
1350 3957 1442 4019 salva

186 4062 344 4139 Henrico,
360 4062 567 4144 cappellan0,
583 4064 704 4127 vicaria
720 4083 780 4125 sua
791 4082 892 4145 quam
910 4061 1011 4125 habet
1028 4062 1060 4123 in
1076 4061 1211 4136 eadem;
1234 4050 1439 4143 quiquidem

185 4176 290 4231 totam
319 4165 427 4248 ipsam
450 4166 623 4229 ecclesiam
649 4167 784 4229 nomine
803 4166 925 4230 vicarie
949 4186 1007 4229 sue
1030 4164 1157 4227 tenebit
1180 4163 1290 4246 quoad
1310 4163 1442 4237 vixerit,

185 4267 360 4334 reddendo
383 4267 461 4332 inde
485 4270 635 4352 predicto
661 4271 688 4352 J.
712 4280 746 4333 ct
770 4271 1014 4333 successoribus
1038 4270 1106 4331 suis
1128 4267 1279 4348 ejusdem
1303 4266 1441 4331 ecclesie

185 4374 337 4455 personis
375 4372 493 4452 viginti
531 4373 656 4437 solidos
686 4394 816 4437 annuos
847 4374 983 4436 nomine
1014 4372 1203 4454 pensionis;
1241 4369 1341 4434 salvis
1379 4379 1441 4433 etc.

185 4474 285 4559 Quod
307 4487 345 4538 ut
365 4484 438 4552 etc,
453 4477 602 4553 testibus,
622 4477 790 4560 Magistris
812 4476 863 4539 W.
885 4476 928 4540 de
950 4476 1217 4558 Beningworthe,
1233 4474 1442 4557 cappellano,

187 4580 226 4643 A.
241 4581 286 4644 de
305 4579 512 4663 Buggedene
533 4592 568 4645 et
591 4581 643 4645 W.
660 4582 703 4646 de
723 4580 997 4657 Winchecumba,
1012 4580 1180 4642 canonicis
1203 4579 1440 4642 Lincolniensi-

184 4683 255 4760 bus,
279 4684 455 4767 Magistris
479 4683 518 4747 R.
543 4684 681 4759 Devon',
701 4684 876 4750 Clemente
900 4684 1029 4765 Pigiun,
1052 4692 1087 4746 et
1115 4681 1156 4744 A.
1181 4682 1223 4745 de
1248 4682 1439 4759 Arundelle,

187 4787 331 4851 Ricardo
352 4788 395 4851 de
417 4787 562 4865 Oxonia,
579 4788 617 4853 G.
634 4790 677 4851 de
694 4790 798 4851 Moris
814 4797 848 4851 et
864 4787 925 4851 Th.
943 4786 986 4850 de
1003 4785 1152 4868 Askeby,
1168 4786 1302 4850 clericis.
1349 4787 1440 4850 Data

185 4912 243 4973 per
266 4912 406 4956 manum
428 4891 467 4955 R.
483 4892 527 4955 de
547 4892 736 4963 Waraville,
756 4892 906 4954 canonici
929 4890 1180 4965 Lincolniensis‚
1197 4889 1285 4970 apud
1308 4890 1438 4971 Bugge-

186 4994 272 5058 dene
288 4997 319 5059 iii
337 5005 446 5059 nonas
462 4996 627 5072 Octobris,
643 4995 857 5080 pontificatus
873 4993 976 5057 nostri
993 5013 1082 5055 anno
1099 4994 1168 5055 xix.
1208 5016 1215 5031 ·

1324 5112 1368 5162 oa
