<?xml version="1.0" encoding="UTF-8"?>
<!DOCTYPE html PUBLIC "-//W3C//DTD XHTML 1.0 Transitional//EN"
    "http://www.w3.org/TR/xhtml1/DTD/xhtml1-transitional.dtd">
<html xmlns="http://www.w3.org/1999/xhtml" xml:lang="en" lang="en">
 <head>
  <title>
</title>
<meta http-equiv="Content-Type" content="text/html;charset=utf-8" />
  <meta name='ocr-system' content='tesseract 3.04.00' />
  <meta name='ocr-capabilities' content='ocr_page ocr_carea ocr_par ocr_line ocrx_word'/>
</head>
<body>
  <div class='ocr_page' id='page_1' title='image "./rotulihugonisde00davigoog_0306.png"; bbox 0 0 3609 5642; ppageno 0'>
   <div class='ocr_carea' id='block_1_1' title="bbox 621 574 1486 675">
    <p class='ocr_par' dir='ltr' id='par_1_1' title="bbox 621 574 1486 675">
     <span class='ocr_line' id='line_1_1' title="bbox 621 574 1486 675; baseline -0.005 -24"><span class='ocrx_word' id='word_1_1' title='bbox 621 574 1097 675; x_wconf 69' lang='lat' dir='ltr'>Epescopt&#39;Lencolnz&#39;enszs.</span> <span class='ocrx_word' id='word_1_2' title='bbox 1419 595 1486 668; x_wconf 86' lang='lat'>295</span> 
     </span>
    </p>
   </div>
   <div class='ocr_carea' id='block_1_2' title="bbox 223 816 1489 1316">
    <p class='ocr_par' dir='ltr' id='par_1_2' title="bbox 223 816 1489 1316">
     <span class='ocr_line' id='line_1_2' title="bbox 226 816 1489 903; baseline -0.004 -20"><span class='ocrx_word' id='word_1_3' title='bbox 226 821 316 903; x_wconf 90' lang='lat' dir='ltr'>prius</span> <span class='ocrx_word' id='word_1_4' title='bbox 334 820 550 902; x_wconf 86' lang='lat' dir='ltr'>inquisitione</span> <span class='ocrx_word' id='word_1_5' title='bbox 572 841 630 903; x_wconf 89' lang='lat' dir='ltr'>per</span> <span class='ocrx_word' id='word_1_6' title='bbox 644 822 693 897; x_wconf 71' lang='lat' dir='ltr'>lt,</span> <span class='ocrx_word' id='word_1_7' title='bbox 709 820 993 884; x_wconf 84' lang='lat' dir='ltr'>Archidiaconum</span> <span class='ocrx_word' id='word_1_8' title='bbox 1015 816 1203 893; x_wconf 87' lang='lat' dir='ltr'>Leicestrie,</span> <span class='ocrx_word' id='word_1_9' title='bbox 1219 837 1277 899; x_wconf 90' lang='lat' dir='ltr'>per</span> <span class='ocrx_word' id='word_1_10' title='bbox 1292 836 1403 897; x_wconf 87' lang='lat' dir='ltr'>quam,</span> <span class='ocrx_word' id='word_1_11' title='bbox 1418 825 1489 892; x_wconf 83' lang='lat' dir='ltr'>etc,</span> 
     </span>
     <span class='ocr_line' id='line_1_3' title="bbox 223 918 1486 1005; baseline -0.004 -19"><span class='ocrx_word' id='word_1_12' title='bbox 223 922 265 986; x_wconf 90' lang='lat' dir='ltr'>ad</span> <span class='ocrx_word' id='word_1_13' title='bbox 280 922 427 987; x_wconf 89' lang='lat' dir='ltr'>eandem</span> <span class='ocrx_word' id='word_1_14' title='bbox 443 923 611 987; x_wconf 90' lang='lat' dir='ltr'>admissus</span> <span class='ocrx_word' id='word_1_15' title='bbox 626 934 686 999; x_wconf 87' lang='lat' dir='ltr'>est,</span> <span class='ocrx_word' id='word_1_16' title='bbox 695 933 730 987; x_wconf 93' lang='lat' dir='ltr'>et</span> <span class='ocrx_word' id='word_1_17' title='bbox 745 943 821 986; x_wconf 92' lang='lat' dir='ltr'>cum</span> <span class='ocrx_word' id='word_1_18' title='bbox 838 942 939 987; x_wconf 88' lang='lat' dir='ltr'>onere</span> <span class='ocrx_word' id='word_1_19' title='bbox 954 933 988 986; x_wconf 92' lang='lat' dir='ltr'>et</span> <span class='ocrx_word' id='word_1_20' title='bbox 1006 942 1092 1005; x_wconf 88' lang='lat' dir='ltr'>pena</span> <span class='ocrx_word' id='word_1_21' title='bbox 1104 921 1302 985; x_wconf 90' lang='lat' dir='ltr'>vicariorum</span> <span class='ocrx_word' id='word_1_22' title='bbox 1320 920 1352 982; x_wconf 93' lang='lat' dir='ltr'>in</span> <span class='ocrx_word' id='word_1_23' title='bbox 1369 918 1486 983; x_wconf 89' lang='lat' dir='ltr'>eadem</span> 
     </span>
     <span class='ocr_line' id='line_1_4' title="bbox 224 1022 1488 1110; baseline -0.005 -20"><span class='ocrx_word' id='word_1_24' title='bbox 224 1028 387 1091; x_wconf 88' lang='lat' dir='ltr'>canonice</span> <span class='ocrx_word' id='word_1_25' title='bbox 409 1047 553 1110; x_wconf 88' lang='lat' dir='ltr'>persona</span> <span class='ocrx_word' id='word_1_26' title='bbox 575 1037 626 1090; x_wconf 86' lang='lat' dir='ltr'>est</span> <span class='ocrx_word' id='word_1_27' title='bbox 650 1027 829 1090; x_wconf 89' lang='lat' dir='ltr'>institutus.</span> <span class='ocrx_word' id='word_1_28' title='bbox 876 1027 923 1090; x_wconf 92' lang='lat' dir='ltr'>Et</span> <span class='ocrx_word' id='word_1_29' title='bbox 947 1026 1143 1091; x_wconf 85' lang='lat' dir='ltr'>mandatum</span> <span class='ocrx_word' id='word_1_30' title='bbox 1176 1034 1226 1087; x_wconf 92' lang='lat' dir='ltr'>est</span> <span class='ocrx_word' id='word_1_31' title='bbox 1251 1023 1342 1086; x_wconf 94' lang='lat' dir='ltr'>dicto</span> <span class='ocrx_word' id='word_1_32' title='bbox 1370 1022 1488 1085; x_wconf 88' lang='lat' dir='ltr'>Archi-</span> 
     </span>
     <span class='ocr_line' id='line_1_5' title="bbox 223 1127 1488 1213; baseline -0.003 -21"><span class='ocrx_word' id='word_1_33' title='bbox 223 1128 368 1194; x_wconf 90' lang='lat' dir='ltr'>diacono</span> <span class='ocrx_word' id='word_1_34' title='bbox 389 1141 434 1206; x_wconf 93' lang='lat' dir='ltr'>ut,</span> <span class='ocrx_word' id='word_1_35' title='bbox 449 1141 510 1193; x_wconf 89' lang='lat' dir='ltr'>etc.</span> <span class='ocrx_word' id='word_1_36' title='bbox 560 1130 703 1213; x_wconf 88' lang='lat' dir='ltr'>indulsit</span> <span class='ocrx_word' id='word_1_37' title='bbox 721 1140 834 1193; x_wconf 90' lang='lat' dir='ltr'>autem</span> <span class='ocrx_word' id='word_1_38' title='bbox 851 1128 1010 1193; x_wconf 90' lang='lat' dir='ltr'>dominus</span> <span class='ocrx_word' id='word_1_39' title='bbox 1032 1129 1220 1211; x_wconf 87' lang='lat' dir='ltr'>Episcopus</span> <span class='ocrx_word' id='word_1_40' title='bbox 1241 1127 1333 1207; x_wconf 90' lang='lat' dir='ltr'>dicto</span> <span class='ocrx_word' id='word_1_41' title='bbox 1355 1127 1488 1209; x_wconf 85' lang='lat' dir='ltr'>Rogero</span> 
     </span>
     <span class='ocr_line' id='line_1_6' title="bbox 223 1230 1353 1316; baseline -0.004 -19"><span class='ocrx_word' id='word_1_42' title='bbox 223 1244 259 1298; x_wconf 92' lang='lat' dir='ltr'>ut</span> <span class='ocrx_word' id='word_1_43' title='bbox 274 1235 319 1299; x_wconf 91' lang='lat' dir='ltr'>ad</span> <span class='ocrx_word' id='word_1_44' title='bbox 337 1246 471 1316; x_wconf 92' lang='lat' dir='ltr'>tempus</span> <span class='ocrx_word' id='word_1_45' title='bbox 488 1254 615 1298; x_wconf 91' lang='lat' dir='ltr'>moram</span> <span class='ocrx_word' id='word_1_46' title='bbox 633 1234 732 1298; x_wconf 86' lang='lat' dir='ltr'>saciat</span> <span class='ocrx_word' id='word_1_47' title='bbox 749 1234 781 1297; x_wconf 93' lang='lat' dir='ltr'>in</span> <span class='ocrx_word' id='word_1_48' title='bbox 798 1234 961 1316; x_wconf 92' lang='lat' dir='ltr'>obsequio</span> <span class='ocrx_word' id='word_1_49' title='bbox 978 1233 1156 1297; x_wconf 88' lang='lat' dir='ltr'>Comitisse</span> <span class='ocrx_word' id='word_1_50' title='bbox 1173 1230 1353 1294; x_wconf 90' lang='lat' dir='ltr'>Wintonie.</span> 
     </span>
    </p>
   </div>
   <div class='ocr_carea' id='block_1_3' title="bbox 223 1500 1489 2387">
    <p class='ocr_par' dir='ltr' id='par_1_3' title="bbox 223 1500 1489 1574">
     <span class='ocr_line' id='line_1_7' title="bbox 223 1500 1489 1574; baseline -0.006 -15"><span class='ocrx_word' id='word_1_51' title='bbox 223 1506 320 1574; x_wconf 77' lang='lat' dir='ltr'>[Alere.</span> <span class='ocrx_word' id='word_1_52' title='bbox 343 1506 482 1574; x_wconf 73' lang='lat' dir='ltr'>chaplaen,</span> <span class='ocrx_word' id='word_1_53' title='bbox 502 1504 650 1573; x_wconf 77' lang='lat' dir='ltr'><em>presented</em></span> <span class='ocrx_word' id='word_1_54' title='bbox 669 1506 702 1573; x_wconf 83' lang='lat' dir='ltr'>by</span> <span class='ocrx_word' id='word_1_55' title='bbox 718 1504 763 1557; x_wconf 78' lang='lat' dir='ltr'>tlte</span> <span class='ocrx_word' id='word_1_56' title='bbox 784 1504 871 1558; x_wconf 80' lang='lat' dir='ltr'><em>Prior</em></span> <span class='ocrx_word' id='word_1_57' title='bbox 890 1504 927 1572; x_wconf 88' lang='lat' dir='ltr'>os</span> <span class='ocrx_word' id='word_1_58' title='bbox 944 1503 1031 1565; x_wconf 87' lang='lat' dir='ltr'>Wnre,</span> <span class='ocrx_word' id='word_1_59' title='bbox 1051 1504 1075 1555; x_wconf 80' lang='lat' dir='ltr'>is</span> <span class='ocrx_word' id='word_1_60' title='bbox 1092 1502 1239 1556; x_wconf 74' lang='lat' dir='ltr'>instituted</span> <span class='ocrx_word' id='word_1_61' title='bbox 1256 1502 1337 1555; x_wconf 78' lang='lat' dir='ltr'>vc&#39;car</span> <span class='ocrx_word' id='word_1_62' title='bbox 1353 1501 1388 1569; x_wconf 86' lang='lat' dir='ltr'>os</span> <span class='ocrx_word' id='word_1_63' title='bbox 1403 1500 1489 1553; x_wconf 83' lang='lat' dir='ltr'>Greut</span> 
     </span>
    </p>

    <p class='ocr_par' dir='ltr' id='par_1_4' title="bbox 289 1588 446 1657">
     <span class='ocr_line' id='line_1_8' title="bbox 289 1588 446 1657; baseline -0.006 -16"><span class='ocrx_word' id='word_1_64' title='bbox 289 1588 446 1657; x_wconf 84' lang='lat' dir='ltr'>Pentting.]</span> 
     </span>
    </p>

    <p class='ocr_par' dir='ltr' id='par_1_5' title="bbox 225 1696 1488 2387">
     <span class='ocr_line' id='line_1_9' title="bbox 314 1696 1488 1780; baseline -0.003 -19"><span class='ocrx_word' id='word_1_65' title='bbox 314 1698 458 1763; x_wconf 79' lang='lat' dir='ltr'><strong>MAGNA</strong></span> <span class='ocrx_word' id='word_1_66' title='bbox 506 1698 896 1773; x_wconf 68' lang='lat' dir='ltr'>Putemus-Alanus,</span> <span class='ocrx_word' id='word_1_67' title='bbox 934 1696 1135 1780; x_wconf 72' lang='lat' dir='ltr'>capellanus</span> <span class='ocrx_word' id='word_1_68' title='bbox 1173 1704 1391 1779; x_wconf 83' lang='lat' dir='ltr'>presentatus,</span> <span class='ocrx_word' id='word_1_69' title='bbox 1430 1716 1488 1778; x_wconf 89' lang='lat' dir='ltr'>per</span> 
     </span>
     <span class='ocr_line' id='line_1_10' title="bbox 228 1799 1487 1886; baseline -0.002 -19"><span class='ocrx_word' id='word_1_70' title='bbox 228 1804 374 1868; x_wconf 87' lang='lat' dir='ltr'>Priorem</span> <span class='ocrx_word' id='word_1_71' title='bbox 399 1803 442 1867; x_wconf 93' lang='lat' dir='ltr'>de</span> <span class='ocrx_word' id='word_1_72' title='bbox 465 1803 576 1880; x_wconf 90' lang='lat' dir='ltr'>Ware,</span> <span class='ocrx_word' id='word_1_73' title='bbox 602 1803 644 1867; x_wconf 89' lang='lat' dir='ltr'>ad</span> <span class='ocrx_word' id='word_1_74' title='bbox 678 1812 874 1886; x_wconf 91' lang='lat' dir='ltr'>perpetuam</span> <span class='ocrx_word' id='word_1_75' title='bbox 907 1801 1062 1865; x_wconf 84' lang='lat' dir='ltr'>vicariam</span> <span class='ocrx_word' id='word_1_76' title='bbox 1093 1801 1136 1864; x_wconf 92' lang='lat' dir='ltr'>de</span> <span class='ocrx_word' id='word_1_77' title='bbox 1167 1800 1295 1883; x_wconf 86' lang='lat' dir='ltr'>Magna</span> <span class='ocrx_word' id='word_1_78' title='bbox 1328 1799 1487 1881; x_wconf 85' lang='lat' dir='ltr'>Petlinge,</span> 
     </span>
     <span class='ocr_line' id='line_1_11' title="bbox 225 1904 1487 1992; baseline -0.002 -23"><span class='ocrx_word' id='word_1_79' title='bbox 225 1906 313 1972; x_wconf 87' lang='lat' dir='ltr'>sacta</span> <span class='ocrx_word' id='word_1_80' title='bbox 345 1908 436 1992; x_wconf 91' lang='lat' dir='ltr'>prius</span> <span class='ocrx_word' id='word_1_81' title='bbox 474 1907 688 1989; x_wconf 89' lang='lat' dir='ltr'>inquisitione</span> <span class='ocrx_word' id='word_1_82' title='bbox 722 1927 781 1988; x_wconf 89' lang='lat' dir='ltr'>per</span> <span class='ocrx_word' id='word_1_83' title='bbox 812 1905 861 1982; x_wconf 85' lang='lat' dir='ltr'>R,</span> <span class='ocrx_word' id='word_1_84' title='bbox 891 1904 1176 1968; x_wconf 89' lang='lat' dir='ltr'>Archidiaconum</span> <span class='ocrx_word' id='word_1_85' title='bbox 1210 1904 1397 1981; x_wconf 85' lang='lat' dir='ltr'>Leicestrie,</span> <span class='ocrx_word' id='word_1_86' title='bbox 1429 1924 1487 1985; x_wconf 87' lang='lat' dir='ltr'>per</span> 
     </span>
     <span class='ocr_line' id='line_1_12' title="bbox 225 2007 1487 2093; baseline -0.003 -19"><span class='ocrx_word' id='word_1_87' title='bbox 225 2032 337 2093; x_wconf 88' lang='lat' dir='ltr'>quam,</span> <span class='ocrx_word' id='word_1_88' title='bbox 353 2021 424 2087; x_wconf 79' lang='lat' dir='ltr'>etc,</span> <span class='ocrx_word' id='word_1_89' title='bbox 439 2009 482 2074; x_wconf 95' lang='lat' dir='ltr'>ad</span> <span class='ocrx_word' id='word_1_90' title='bbox 498 2009 640 2074; x_wconf 90' lang='lat' dir='ltr'>eandem</span> <span class='ocrx_word' id='word_1_91' title='bbox 657 2009 824 2073; x_wconf 87' lang='lat' dir='ltr'>admissus</span> <span class='ocrx_word' id='word_1_92' title='bbox 839 2018 899 2085; x_wconf 87' lang='lat' dir='ltr'>est,</span> <span class='ocrx_word' id='word_1_93' title='bbox 915 2018 949 2073; x_wconf 90' lang='lat' dir='ltr'>et</span> <span class='ocrx_word' id='word_1_94' title='bbox 962 2009 994 2071; x_wconf 89' lang='lat' dir='ltr'>in</span> <span class='ocrx_word' id='word_1_95' title='bbox 1012 2008 1085 2091; x_wconf 88' lang='lat' dir='ltr'>ipsa</span> <span class='ocrx_word' id='word_1_96' title='bbox 1100 2007 1229 2090; x_wconf 91' lang='lat' dir='ltr'>capella</span> <span class='ocrx_word' id='word_1_97' title='bbox 1245 2027 1320 2071; x_wconf 91' lang='lat' dir='ltr'>cum</span> <span class='ocrx_word' id='word_1_98' title='bbox 1338 2028 1437 2071; x_wconf 90' lang='lat' dir='ltr'>onere</span> <span class='ocrx_word' id='word_1_99' title='bbox 1452 2018 1487 2070; x_wconf 88' lang='lat' dir='ltr'>et</span> 
     </span>
     <span class='ocr_line' id='line_1_13' title="bbox 227 2110 1486 2197; baseline -0.003 -20"><span class='ocrx_word' id='word_1_100' title='bbox 227 2134 314 2196; x_wconf 88' lang='lat' dir='ltr'>pena</span> <span class='ocrx_word' id='word_1_101' title='bbox 340 2115 538 2178; x_wconf 89' lang='lat' dir='ltr'>vicariorum</span> <span class='ocrx_word' id='word_1_102' title='bbox 561 2114 701 2178; x_wconf 90' lang='lat' dir='ltr'>vicarius</span> <span class='ocrx_word' id='word_1_103' title='bbox 723 2123 904 2197; x_wconf 88' lang='lat' dir='ltr'>perpetuus</span> <span class='ocrx_word' id='word_1_104' title='bbox 926 2112 1106 2175; x_wconf 81' lang='lat' dir='ltr'>institutus</span> <span class='ocrx_word' id='word_1_105' title='bbox 1155 2111 1200 2174; x_wconf 89' lang='lat' dir='ltr'>Et</span> <span class='ocrx_word' id='word_1_106' title='bbox 1219 2110 1415 2175; x_wconf 89' lang='lat' dir='ltr'>mandatum</span> <span class='ocrx_word' id='word_1_107' title='bbox 1435 2122 1486 2174; x_wconf 90' lang='lat' dir='ltr'>est</span> 
     </span>
     <span class='ocr_line' id='line_1_14' title="bbox 226 2211 1487 2299; baseline -0.004 -18"><span class='ocrx_word' id='word_1_108' title='bbox 226 2218 317 2282; x_wconf 92' lang='lat' dir='ltr'>dicto</span> <span class='ocrx_word' id='word_1_109' title='bbox 349 2218 598 2282; x_wconf 84' lang='lat' dir='ltr'>Archidiacono</span> <span class='ocrx_word' id='word_1_110' title='bbox 629 2230 674 2294; x_wconf 92' lang='lat' dir='ltr'>ut,</span> <span class='ocrx_word' id='word_1_111' title='bbox 711 2228 773 2280; x_wconf 92' lang='lat' dir='ltr'>etc.</span> <span class='ocrx_word' id='word_1_112' title='bbox 819 2217 856 2299; x_wconf 72' lang='lat' dir='ltr'>[t</span> <span class='ocrx_word' id='word_1_113' title='bbox 870 2211 994 2279; x_wconf 68' lang='lat' dir='ltr'>Added</span> <span class='ocrx_word' id='word_1_114' title='bbox 1027 2214 1190 2297; x_wconf 86' lang='lat' dir='ltr'>later.··-]</span> <span class='ocrx_word' id='word_1_115' title='bbox 1234 2213 1400 2279; x_wconf 91' lang='lat' dir='ltr'>Ordinata</span> <span class='ocrx_word' id='word_1_116' title='bbox 1436 2224 1487 2277; x_wconf 87' lang='lat' dir='ltr'>est</span> 
     </span>
     <span class='ocr_line' id='line_1_15' title="bbox 226 2321 729 2387; baseline -0.004 -2"><span class='ocrx_word' id='word_1_117' title='bbox 226 2324 349 2386; x_wconf 89' lang='lat' dir='ltr'>vicaria</span> <span class='ocrx_word' id='word_1_118' title='bbox 364 2324 563 2387; x_wconf 91' lang='lat' dir='ltr'>auctoritate</span> <span class='ocrx_word' id='word_1_119' title='bbox 579 2321 729 2387; x_wconf 89' lang='lat' dir='ltr'>Concilii.</span> 
     </span>
    </p>
   </div>
   <div class='ocr_carea' id='block_1_4' title="bbox 225 2554 1491 3665">
    <p class='ocr_par' dir='ltr' id='par_1_6' title="bbox 225 2554 1487 2709">
     <span class='ocr_line' id='line_1_16' title="bbox 225 2554 1487 2628; baseline -0.004 -15"><span class='ocrx_word' id='word_1_120' title='bbox 225 2561 378 2628; x_wconf 74' lang='lat' dir='ltr'>[Laterense</span> <span class='ocrx_word' id='word_1_121' title='bbox 393 2559 557 2620; x_wconf 80' lang='lat' dir='ltr'>Lumbanle,</span> <span class='ocrx_word' id='word_1_122' title='bbox 574 2557 654 2620; x_wconf 83' lang='lat' dir='ltr'>clerk,</span> <span class='ocrx_word' id='word_1_123' title='bbox 665 2557 814 2625; x_wconf 73' lang='lat' dir='ltr'>presented</span> <span class='ocrx_word' id='word_1_124' title='bbox 827 2556 861 2624; x_wconf 85' lang='lat' dir='ltr'>by</span> <span class='ocrx_word' id='word_1_125' title='bbox 877 2556 1010 2609; x_wconf 79' lang='lat' dir='ltr'>Niclvolns</span> <span class='ocrx_word' id='word_1_126' title='bbox 1022 2556 1055 2609; x_wconf 83' lang='lat' dir='ltr'>de</span> <span class='ocrx_word' id='word_1_127' title='bbox 1072 2555 1187 2619; x_wconf 88' lang='lat' dir='ltr'>Verdnn,</span> <span class='ocrx_word' id='word_1_128' title='bbox 1201 2556 1226 2607; x_wconf 82' lang='lat' dir='ltr'>is</span> <span class='ocrx_word' id='word_1_129' title='bbox 1242 2554 1388 2607; x_wconf 75' lang='lat' dir='ltr'>instituted</span> <span class='ocrx_word' id='word_1_130' title='bbox 1402 2560 1429 2607; x_wconf 89' lang='lat' dir='ltr'>to</span> <span class='ocrx_word' id='word_1_131' title='bbox 1442 2555 1487 2608; x_wconf 77' lang='lat' dir='ltr'>tlte</span> 
     </span>
     <span class='ocr_line' id='line_1_17' title="bbox 290 2639 644 2709; baseline -0.006 -14"><span class='ocrx_word' id='word_1_132' title='bbox 290 2640 391 2695; x_wconf 77' lang='lat' dir='ltr'>church</span> <span class='ocrx_word' id='word_1_133' title='bbox 402 2641 438 2709; x_wconf 90' lang='lat' dir='ltr'>os</span> <span class='ocrx_word' id='word_1_134' title='bbox 449 2639 644 2708; x_wconf 66' lang='lat' dir='ltr'>Skeffington]</span> 
     </span>
    </p>

    <p class='ocr_par' dir='ltr' id='par_1_7' title="bbox 225 2747 1491 3665">
     <span class='ocr_line' id='line_1_18' title="bbox 314 2747 1487 2830; baseline -0.004 -15"><span class='ocrx_word' id='word_1_135' title='bbox 314 2750 844 2817; x_wconf 56' lang='lat' dir='ltr'>&amp;summotis—Laurentius</span> <span class='ocrx_word' id='word_1_136' title='bbox 877 2747 1078 2823; x_wconf 88' lang='lat' dir='ltr'>Lumbarde,</span> <span class='ocrx_word' id='word_1_137' title='bbox 1104 2748 1250 2825; x_wconf 87' lang='lat' dir='ltr'>clericus,</span> <span class='ocrx_word' id='word_1_138' title='bbox 1278 2757 1487 2830; x_wconf 88' lang='lat' dir='ltr'>presentatus</span> 
     </span>
     <span class='ocr_line' id='line_1_19' title="bbox 227 2851 1488 2939; baseline -0.004 -19"><span class='ocrx_word' id='word_1_139' title='bbox 227 2878 284 2939; x_wconf 87' lang='lat' dir='ltr'>per</span> <span class='ocrx_word' id='word_1_140' title='bbox 304 2856 505 2919; x_wconf 89' lang='lat' dir='ltr'>Nicholaum</span> <span class='ocrx_word' id='word_1_141' title='bbox 527 2854 570 2918; x_wconf 90' lang='lat' dir='ltr'>de</span> <span class='ocrx_word' id='word_1_142' title='bbox 590 2854 738 2930; x_wconf 89' lang='lat' dir='ltr'>Verdun,</span> <span class='ocrx_word' id='word_1_143' title='bbox 761 2853 911 2929; x_wconf 91' lang='lat' dir='ltr'>militem,</span> <span class='ocrx_word' id='word_1_144' title='bbox 932 2851 975 2915; x_wconf 92' lang='lat' dir='ltr'>ad</span> <span class='ocrx_word' id='word_1_145' title='bbox 1003 2852 1177 2915; x_wconf 89' lang='lat' dir='ltr'>ecclesiam</span> <span class='ocrx_word' id='word_1_146' title='bbox 1199 2851 1242 2915; x_wconf 92' lang='lat' dir='ltr'>de</span> <span class='ocrx_word' id='word_1_147' title='bbox 1270 2851 1488 2929; x_wconf 89' lang='lat' dir='ltr'>Scastintone,</span> 
     </span>
     <span class='ocr_line' id='line_1_20' title="bbox 226 2954 1488 3042; baseline -0.005 -19"><span class='ocrx_word' id='word_1_148' title='bbox 226 2960 314 3025; x_wconf 86' lang='lat' dir='ltr'>sacta</span> <span class='ocrx_word' id='word_1_149' title='bbox 344 2959 436 3042; x_wconf 88' lang='lat' dir='ltr'>prius</span> <span class='ocrx_word' id='word_1_150' title='bbox 467 2958 682 3040; x_wconf 87' lang='lat' dir='ltr'>inquisitione</span> <span class='ocrx_word' id='word_1_151' title='bbox 713 2978 772 3040; x_wconf 89' lang='lat' dir='ltr'>per</span> <span class='ocrx_word' id='word_1_152' title='bbox 795 2954 1082 3019; x_wconf 75' lang='lat' dir='ltr'>Archidiaconum</span> <span class='ocrx_word' id='word_1_153' title='bbox 1111 2954 1300 3031; x_wconf 87' lang='lat' dir='ltr'>Leicestrie,</span> <span class='ocrx_word' id='word_1_154' title='bbox 1325 2954 1488 3038; x_wconf 85' lang='lat' dir='ltr'>Magistro</span> 
     </span>
     <span class='ocr_line' id='line_1_21' title="bbox 225 3058 1489 3141; baseline -0.006 -13"><span class='ocrx_word' id='word_1_155' title='bbox 225 3065 327 3129; x_wconf 89' lang='lat' dir='ltr'>etiam</span> <span class='ocrx_word' id='word_1_156' title='bbox 352 3064 405 3127; x_wconf 92' lang='lat' dir='ltr'>W.</span> <span class='ocrx_word' id='word_1_157' title='bbox 429 3062 472 3126; x_wconf 93' lang='lat' dir='ltr'>de</span> <span class='ocrx_word' id='word_1_158' title='bbox 497 3061 679 3126; x_wconf 88' lang='lat' dir='ltr'>Leicestria</span> <span class='ocrx_word' id='word_1_159' title='bbox 702 3061 919 3124; x_wconf 87' lang='lat' dir='ltr'>renunciante</span> <span class='ocrx_word' id='word_1_160' title='bbox 942 3058 1158 3141; x_wconf 86' lang='lat' dir='ltr'>appellationi</span> <span class='ocrx_word' id='word_1_161' title='bbox 1182 3079 1250 3135; x_wconf 89' lang='lat' dir='ltr'>sue,</span> <span class='ocrx_word' id='word_1_162' title='bbox 1264 3078 1365 3140; x_wconf 90' lang='lat' dir='ltr'>quam</span> <span class='ocrx_word' id='word_1_163' title='bbox 1389 3079 1489 3140; x_wconf 89' lang='lat' dir='ltr'>super</span> 
     </span>
     <span class='ocr_line' id='line_1_22' title="bbox 225 3164 1489 3250; baseline -0.006 -17"><span class='ocrx_word' id='word_1_164' title='bbox 225 3169 344 3235; x_wconf 89' lang='lat' dir='ltr'>eadem</span> <span class='ocrx_word' id='word_1_165' title='bbox 367 3168 509 3232; x_wconf 88' lang='lat' dir='ltr'>ecclesia</span> <span class='ocrx_word' id='word_1_166' title='bbox 531 3188 592 3250; x_wconf 90' lang='lat' dir='ltr'>pro</span> <span class='ocrx_word' id='word_1_167' title='bbox 614 3167 755 3229; x_wconf 89' lang='lat' dir='ltr'>ecclesia</span> <span class='ocrx_word' id='word_1_168' title='bbox 773 3165 816 3230; x_wconf 92' lang='lat' dir='ltr'>de</span> <span class='ocrx_word' id='word_1_169' title='bbox 841 3164 957 3247; x_wconf 84' lang='lat' dir='ltr'>Roleg&#39;</span> <span class='ocrx_word' id='word_1_170' title='bbox 977 3165 1229 3246; x_wconf 85' lang='lat' dir='ltr'>interposuerat,</span> <span class='ocrx_word' id='word_1_171' title='bbox 1253 3183 1311 3245; x_wconf 91' lang='lat' dir='ltr'>per</span> <span class='ocrx_word' id='word_1_172' title='bbox 1328 3184 1402 3245; x_wconf 86' lang='lat' dir='ltr'>que,</span> <span class='ocrx_word' id='word_1_173' title='bbox 1418 3173 1489 3239; x_wconf 77' lang='lat' dir='ltr'>etc,</span> 
     </span>
     <span class='ocr_line' id='line_1_23' title="bbox 225 3266 1489 3349; baseline -0.005 -12"><span class='ocrx_word' id='word_1_174' title='bbox 225 3273 267 3337; x_wconf 85' lang='lat' dir='ltr'>ad</span> <span class='ocrx_word' id='word_1_175' title='bbox 283 3273 427 3337; x_wconf 91' lang='lat' dir='ltr'>eandem</span> <span class='ocrx_word' id='word_1_176' title='bbox 444 3272 612 3336; x_wconf 88' lang='lat' dir='ltr'>admissus</span> <span class='ocrx_word' id='word_1_177' title='bbox 631 3282 683 3334; x_wconf 92' lang='lat' dir='ltr'>est</span> <span class='ocrx_word' id='word_1_178' title='bbox 702 3279 737 3334; x_wconf 92' lang='lat' dir='ltr'>et</span> <span class='ocrx_word' id='word_1_179' title='bbox 757 3270 790 3332; x_wconf 90' lang='lat' dir='ltr'>in</span> <span class='ocrx_word' id='word_1_180' title='bbox 811 3290 851 3333; x_wconf 89' lang='lat' dir='ltr'>ea</span> <span class='ocrx_word' id='word_1_181' title='bbox 869 3269 1029 3332; x_wconf 90' lang='lat' dir='ltr'>canonice</span> <span class='ocrx_word' id='word_1_182' title='bbox 1051 3287 1192 3349; x_wconf 89' lang='lat' dir='ltr'>persona</span> <span class='ocrx_word' id='word_1_183' title='bbox 1214 3266 1395 3331; x_wconf 88' lang='lat' dir='ltr'>institutus.</span> <span class='ocrx_word' id='word_1_184' title='bbox 1444 3268 1489 3331; x_wconf 90' lang='lat' dir='ltr'>Et</span> 
     </span>
     <span class='ocr_line' id='line_1_24' title="bbox 227 3370 1487 3459; baseline -0.004 -20"><span class='ocrx_word' id='word_1_185' title='bbox 227 3376 425 3439; x_wconf 89' lang='lat' dir='ltr'>mandatum</span> <span class='ocrx_word' id='word_1_186' title='bbox 456 3386 508 3439; x_wconf 91' lang='lat' dir='ltr'>est</span> <span class='ocrx_word' id='word_1_187' title='bbox 533 3374 625 3439; x_wconf 90' lang='lat' dir='ltr'>dicto</span> <span class='ocrx_word' id='word_1_188' title='bbox 653 3373 901 3439; x_wconf 84' lang='lat' dir='ltr'>Archidiacono</span> <span class='ocrx_word' id='word_1_189' title='bbox 929 3382 975 3448; x_wconf 90' lang='lat' dir='ltr'>ut,</span> <span class='ocrx_word' id='word_1_190' title='bbox 1001 3383 1061 3435; x_wconf 89' lang='lat' dir='ltr'>etc.</span> <span class='ocrx_word' id='word_1_191' title='bbox 1111 3370 1282 3459; x_wconf 91' lang='lat' dir='ltr'>lndultum</span> <span class='ocrx_word' id='word_1_192' title='bbox 1308 3380 1359 3435; x_wconf 88' lang='lat' dir='ltr'>est</span> <span class='ocrx_word' id='word_1_193' title='bbox 1385 3372 1487 3434; x_wconf 90' lang='lat' dir='ltr'>etiam</span> 
     </span>
     <span class='ocr_line' id='line_1_25' title="bbox 226 3472 1491 3561; baseline -0.004 -18"><span class='ocrx_word' id='word_1_194' title='bbox 226 3478 336 3543; x_wconf 86' lang='lat' dir='ltr'>eidem</span> <span class='ocrx_word' id='word_1_195' title='bbox 355 3479 536 3543; x_wconf 76' lang='lat' dir='ltr'>laurentio</span> <span class='ocrx_word' id='word_1_196' title='bbox 555 3488 592 3541; x_wconf 94' lang='lat' dir='ltr'>ut</span> <span class='ocrx_word' id='word_1_197' title='bbox 614 3498 673 3561; x_wconf 89' lang='lat' dir='ltr'>per</span> <span class='ocrx_word' id='word_1_198' title='bbox 691 3477 867 3541; x_wconf 92' lang='lat' dir='ltr'>dominum</span> <span class='ocrx_word' id='word_1_199' title='bbox 893 3474 1154 3539; x_wconf 88' lang='lat' dir='ltr'>Londiniensem</span> <span class='ocrx_word' id='word_1_200' title='bbox 1171 3472 1226 3538; x_wconf 91' lang='lat' dir='ltr'>die</span> <span class='ocrx_word' id='word_1_201' title='bbox 1254 3474 1342 3537; x_wconf 87' lang='lat' dir='ltr'>beati</span> <span class='ocrx_word' id='word_1_202' title='bbox 1359 3473 1491 3538; x_wconf 87' lang='lat' dir='ltr'>Thome</span> 
     </span>
     <span class='ocr_line' id='line_1_26' title="bbox 227 3581 890 3665; baseline -0.006 -19"><span class='ocrx_word' id='word_1_203' title='bbox 227 3583 385 3665; x_wconf 79' lang='lat' dir='ltr'>Apostoli</span> <span class='ocrx_word' id='word_1_204' title='bbox 401 3581 573 3648; x_wconf 87' lang='lat' dir='ltr'>ordinetur</span> <span class='ocrx_word' id='word_1_205' title='bbox 588 3585 622 3648; x_wconf 90' lang='lat' dir='ltr'>in</span> <span class='ocrx_word' id='word_1_206' title='bbox 639 3582 890 3648; x_wconf 90' lang='lat' dir='ltr'>subdiaconum.</span> 
     </span>
    </p>
   </div>
   <div class='ocr_carea' id='block_1_5' title="bbox 608 3888 1103 3956">
    <p class='ocr_par' dir='ltr' id='par_1_8' title="bbox 608 3888 1103 3956">
     <span class='ocr_line' id='line_1_27' title="bbox 608 3888 1103 3956; baseline 0 -5"><span class='ocrx_word' id='word_1_207' title='bbox 608 3888 751 3955; x_wconf 80' lang='lat' dir='ltr'>Annus</span> <span class='ocrx_word' id='word_1_208' title='bbox 775 3892 1103 3956; x_wconf 73' lang='lat' dir='ltr'>Sextusoscmus</span> 
     </span>
    </p>
   </div>
   <div class='ocr_carea' id='block_1_6' title="bbox 226 4011 1496 4165">
    <p class='ocr_par' dir='ltr' id='par_1_9' title="bbox 226 4011 1496 4165">
     <span class='ocr_line' id='line_1_28' title="bbox 226 4011 1496 4085; baseline -0.003 -16"><span class='ocrx_word' id='word_1_209' title='bbox 226 4015 369 4085; x_wconf 67' lang='lat' dir='ltr'>[Ricleard</span> <span class='ocrx_word' id='word_1_210' title='bbox 386 4030 453 4068; x_wconf 82' lang='lat' dir='ltr'>new</span> <span class='ocrx_word' id='word_1_211' title='bbox 472 4014 607 4082; x_wconf 76' lang='lat' dir='ltr'>chaplar&#39;n,</span> <span class='ocrx_word' id='word_1_212' title='bbox 623 4015 774 4083; x_wconf 76' lang='lat' dir='ltr'>presented</span> <span class='ocrx_word' id='word_1_213' title='bbox 789 4016 872 4068; x_wconf 78' lang='lat' dir='ltr'>when</span> <span class='ocrx_word' id='word_1_214' title='bbox 889 4014 999 4073; x_wconf 71' lang='lat' dir='ltr'>daneon¹</span> <span class='ocrx_word' id='word_1_215' title='bbox 1019 4013 1053 4081; x_wconf 77' lang='lat' dir='ltr'>by</span> <span class='ocrx_word' id='word_1_216' title='bbox 1072 4012 1117 4065; x_wconf 78' lang='lat' dir='ltr'>tlte</span> <span class='ocrx_word' id='word_1_217' title='bbox 1135 4012 1223 4065; x_wconf 75' lang='lat' dir='ltr'>Prien</span> <span class='ocrx_word' id='word_1_218' title='bbox 1239 4011 1300 4065; x_wconf 88' lang='lat' dir='ltr'>nnd</span> <span class='ocrx_word' id='word_1_219' title='bbox 1322 4012 1447 4065; x_wconf 71' lang='lat' dir='ltr'>L&#39;onwnt</span> <span class='ocrx_word' id='word_1_220' title='bbox 1460 4013 1496 4081; x_wconf 87' lang='lat' dir='ltr'>os</span> 
     </span>
     <span class='ocr_line' id='line_1_29' title="bbox 290 4095 943 4165; baseline 0 -16"><span class='ocrx_word' id='word_1_221' title='bbox 290 4097 414 4155; x_wconf 82' lang='lat' dir='ltr'>Belvor&#39;r,</span> <span class='ocrx_word' id='word_1_222' title='bbox 426 4096 452 4148; x_wconf 86' lang='lat' dir='ltr'>is</span> <span class='ocrx_word' id='word_1_223' title='bbox 462 4095 606 4148; x_wconf 78' lang='lat' dir='ltr'>enstr&#39;tuted</span> <span class='ocrx_word' id='word_1_224' title='bbox 615 4097 698 4149; x_wconf 82' lang='lat' dir='ltr'>vicar</span> <span class='ocrx_word' id='word_1_225' title='bbox 707 4098 740 4165; x_wconf 82' lang='lat' dir='ltr'>os</span> <span class='ocrx_word' id='word_1_226' title='bbox 754 4096 943 4164; x_wconf 65' lang='lat' dir='ltr'>Barkestene]</span> 
     </span>
    </p>
   </div>
   <div class='ocr_carea' id='block_1_7' title="bbox 226 4202 1492 5120">
    <p class='ocr_par' dir='ltr' id='par_1_10' title="bbox 226 4202 1492 5120">
     <span class='ocr_line' id='line_1_30' title="bbox 315 4202 1492 4291; baseline -0.003 -21"><span class='ocrx_word' id='word_1_227' title='bbox 315 4208 801 4286; x_wconf 78' lang='lat' dir='ltr'>BARKESTONE.—Ricardus,</span> <span class='ocrx_word' id='word_1_228' title='bbox 839 4219 990 4291; x_wconf 87' lang='lat' dir='ltr'>tempore</span> <span class='ocrx_word' id='word_1_229' title='bbox 1029 4204 1285 4289; x_wconf 87' lang='lat' dir='ltr'>presentationis</span> <span class='ocrx_word' id='word_1_230' title='bbox 1322 4202 1492 4283; x_wconf 68' lang='lat' dir='ltr'>diaconus</span> 
     </span>
     <span class='ocr_line' id='line_1_31' title="bbox 226 4306 1490 4395; baseline -0.005 -20"><span class='ocrx_word' id='word_1_231' title='bbox 226 4332 315 4375; x_wconf 91' lang='lat' dir='ltr'>nunc</span> <span class='ocrx_word' id='word_1_232' title='bbox 330 4308 532 4392; x_wconf 84' lang='lat' dir='ltr'>capellanus,</span> <span class='ocrx_word' id='word_1_233' title='bbox 549 4320 759 4392; x_wconf 89' lang='lat' dir='ltr'>presentatus</span> <span class='ocrx_word' id='word_1_234' title='bbox 776 4332 835 4395; x_wconf 89' lang='lat' dir='ltr'>per</span> <span class='ocrx_word' id='word_1_235' title='bbox 853 4312 998 4374; x_wconf 91' lang='lat' dir='ltr'>Priorem</span> <span class='ocrx_word' id='word_1_236' title='bbox 1015 4322 1049 4373; x_wconf 92' lang='lat' dir='ltr'>et</span> <span class='ocrx_word' id='word_1_237' title='bbox 1070 4318 1272 4371; x_wconf 91' lang='lat' dir='ltr'>conventum</span> <span class='ocrx_word' id='word_1_238' title='bbox 1291 4306 1334 4371; x_wconf 91' lang='lat' dir='ltr'>de</span> <span class='ocrx_word' id='word_1_239' title='bbox 1351 4306 1490 4370; x_wconf 86' lang='lat' dir='ltr'>Belvero</span> 
     </span>
     <span class='ocr_line' id='line_1_32' title="bbox 226 4411 1491 4496; baseline -0.004 -18"><span class='ocrx_word' id='word_1_240' title='bbox 226 4416 268 4479; x_wconf 93' lang='lat' dir='ltr'>ad</span> <span class='ocrx_word' id='word_1_241' title='bbox 296 4414 454 4477; x_wconf 86' lang='lat' dir='ltr'>vicariam</span> <span class='ocrx_word' id='word_1_242' title='bbox 480 4412 523 4477; x_wconf 91' lang='lat' dir='ltr'>de</span> <span class='ocrx_word' id='word_1_243' title='bbox 548 4415 763 4489; x_wconf 88' lang='lat' dir='ltr'>Barkestone,</span> <span class='ocrx_word' id='word_1_244' title='bbox 788 4413 976 4479; x_wconf 87' lang='lat' dir='ltr'>ordinatam</span> <span class='ocrx_word' id='word_1_245' title='bbox 1006 4434 1065 4496; x_wconf 91' lang='lat' dir='ltr'>per</span> <span class='ocrx_word' id='word_1_246' title='bbox 1088 4412 1262 4476; x_wconf 90' lang='lat' dir='ltr'>dominum</span> <span class='ocrx_word' id='word_1_247' title='bbox 1294 4411 1491 4474; x_wconf 86' lang='lat' dir='ltr'>auctoritate</span> 
     </span>
     <span class='ocr_line' id='line_1_33' title="bbox 227 4514 1490 4600; baseline -0.006 -19"><span class='ocrx_word' id='word_1_248' title='bbox 227 4516 378 4593; x_wconf 78' lang='lat' dir='ltr'>concilii,</span> <span class='ocrx_word' id='word_1_249' title='bbox 399 4526 437 4579; x_wconf 90' lang='lat' dir='ltr'>ut</span> <span class='ocrx_word' id='word_1_250' title='bbox 460 4517 493 4579; x_wconf 94' lang='lat' dir='ltr'>in</span> <span class='ocrx_word' id='word_1_251' title='bbox 522 4518 630 4581; x_wconf 89' lang='lat' dir='ltr'>rotulo</span> <span class='ocrx_word' id='word_1_252' title='bbox 656 4519 700 4582; x_wconf 92' lang='lat' dir='ltr'>de</span> <span class='ocrx_word' id='word_1_253' title='bbox 724 4520 863 4595; x_wconf 71' lang='lat' dir='ltr'>vicariis</span> <span class='ocrx_word' id='word_1_254' title='bbox 887 4519 975 4582; x_wconf 87' lang='lat' dir='ltr'>lacta</span> <span class='ocrx_word' id='word_1_255' title='bbox 1002 4518 1092 4600; x_wconf 86' lang='lat' dir='ltr'>prius</span> <span class='ocrx_word' id='word_1_256' title='bbox 1117 4514 1332 4597; x_wconf 89' lang='lat' dir='ltr'>inquisitione</span> <span class='ocrx_word' id='word_1_257' title='bbox 1358 4533 1416 4595; x_wconf 91' lang='lat' dir='ltr'>per</span> <span class='ocrx_word' id='word_1_258' title='bbox 1442 4514 1490 4589; x_wconf 80' lang='lat' dir='ltr'>R,</span> 
     </span>
     <span class='ocr_line' id='line_1_34' title="bbox 228 4616 1490 4706; baseline -0.003 -22"><span class='ocrx_word' id='word_1_259' title='bbox 228 4620 514 4684; x_wconf 83' lang='lat' dir='ltr'>Archidiaconum</span> <span class='ocrx_word' id='word_1_260' title='bbox 548 4622 736 4698; x_wconf 89' lang='lat' dir='ltr'>Leicestrie,</span> <span class='ocrx_word' id='word_1_261' title='bbox 763 4644 822 4706; x_wconf 90' lang='lat' dir='ltr'>per</span> <span class='ocrx_word' id='word_1_262' title='bbox 846 4642 957 4704; x_wconf 90' lang='lat' dir='ltr'>quam,</span> <span class='ocrx_word' id='word_1_263' title='bbox 982 4632 1052 4695; x_wconf 71' lang='lat' dir='ltr'>etc„</span> <span class='ocrx_word' id='word_1_264' title='bbox 1077 4620 1118 4681; x_wconf 88' lang='lat' dir='ltr'>ad</span> <span class='ocrx_word' id='word_1_265' title='bbox 1150 4617 1293 4681; x_wconf 90' lang='lat' dir='ltr'>eandem</span> <span class='ocrx_word' id='word_1_266' title='bbox 1324 4616 1490 4680; x_wconf 89' lang='lat' dir='ltr'>admissus</span> 
     </span>
     <span class='ocr_line' id='line_1_35' title="bbox 226 4722 1490 4808; baseline -0.003 -21"><span class='ocrx_word' id='word_1_267' title='bbox 226 4736 286 4801; x_wconf 87' lang='lat' dir='ltr'>est,</span> <span class='ocrx_word' id='word_1_268' title='bbox 313 4724 406 4788; x_wconf 87' lang='lat' dir='ltr'>etin</span> <span class='ocrx_word' id='word_1_269' title='bbox 438 4744 479 4787; x_wconf 92' lang='lat' dir='ltr'>ea</span> <span class='ocrx_word' id='word_1_270' title='bbox 508 4746 584 4788; x_wconf 91' lang='lat' dir='ltr'>cum</span> <span class='ocrx_word' id='word_1_271' title='bbox 612 4746 712 4789; x_wconf 91' lang='lat' dir='ltr'>onere</span> <span class='ocrx_word' id='word_1_272' title='bbox 738 4736 773 4789; x_wconf 88' lang='lat' dir='ltr'>et</span> <span class='ocrx_word' id='word_1_273' title='bbox 804 4747 891 4808; x_wconf 91' lang='lat' dir='ltr'>pena</span> <span class='ocrx_word' id='word_1_274' title='bbox 916 4725 1112 4788; x_wconf 92' lang='lat' dir='ltr'>vicariorum</span> <span class='ocrx_word' id='word_1_275' title='bbox 1138 4722 1280 4785; x_wconf 87' lang='lat' dir='ltr'>vicarius</span> <span class='ocrx_word' id='word_1_276' title='bbox 1310 4730 1490 4804; x_wconf 89' lang='lat' dir='ltr'>perpetuus</span> 
     </span>
     <span class='ocr_line' id='line_1_36' title="bbox 228 4824 1489 4910; baseline -0.003 -21"><span class='ocrx_word' id='word_1_277' title='bbox 228 4826 408 4891; x_wconf 90' lang='lat' dir='ltr'>institutus.</span> <span class='ocrx_word' id='word_1_278' title='bbox 456 4828 501 4890; x_wconf 89' lang='lat' dir='ltr'>Et</span> <span class='ocrx_word' id='word_1_279' title='bbox 517 4828 702 4909; x_wconf 92' lang='lat' dir='ltr'>injunctum</span> <span class='ocrx_word' id='word_1_280' title='bbox 719 4840 771 4892; x_wconf 88' lang='lat' dir='ltr'>est</span> <span class='ocrx_word' id='word_1_281' title='bbox 789 4828 1036 4893; x_wconf 88' lang='lat' dir='ltr'>Archidiacono</span> <span class='ocrx_word' id='word_1_282' title='bbox 1052 4826 1195 4910; x_wconf 88' lang='lat' dir='ltr'>presenti</span> <span class='ocrx_word' id='word_1_283' title='bbox 1214 4834 1258 4902; x_wconf 93' lang='lat' dir='ltr'>ut,</span> <span class='ocrx_word' id='word_1_284' title='bbox 1271 4834 1330 4887; x_wconf 90' lang='lat' dir='ltr'>etc.</span> <span class='ocrx_word' id='word_1_285' title='bbox 1379 4824 1489 4905; x_wconf 78' lang='lat' dir='ltr'>Nego·</span> 
     </span>
     <span class='ocr_line' id='line_1_37' title="bbox 227 4928 1490 5015; baseline -0.003 -20"><span class='ocrx_word' id='word_1_286' title='bbox 227 4932 311 4995; x_wconf 88' lang='lat' dir='ltr'>tium</span> <span class='ocrx_word' id='word_1_287' title='bbox 337 4931 439 4995; x_wconf 93' lang='lat' dir='ltr'>etiam</span> <span class='ocrx_word' id='word_1_288' title='bbox 466 4931 612 5010; x_wconf 88' lang='lat' dir='ltr'>Ricardi,</span> <span class='ocrx_word' id='word_1_289' title='bbox 635 4934 809 5015; x_wconf 88' lang='lat' dir='ltr'>capellani,</span> <span class='ocrx_word' id='word_1_290' title='bbox 827 4934 1007 5015; x_wconf 82' lang='lat' dir='ltr'>presentati</span> <span class='ocrx_word' id='word_1_291' title='bbox 1033 4931 1075 4995; x_wconf 90' lang='lat' dir='ltr'>ad</span> <span class='ocrx_word' id='word_1_292' title='bbox 1097 4930 1254 4992; x_wconf 89' lang='lat' dir='ltr'>vicariam</span> <span class='ocrx_word' id='word_1_293' title='bbox 1276 4928 1320 4991; x_wconf 92' lang='lat' dir='ltr'>de</span> <span class='ocrx_word' id='word_1_294' title='bbox 1336 4928 1490 5010; x_wconf 81' lang='lat' dir='ltr'>Plungar’</span> 
     </span>
     <span class='ocr_line' id='line_1_38' title="bbox 230 5034 1242 5120; baseline -0.003 -22"><span class='ocrx_word' id='word_1_295' title='bbox 230 5056 287 5117; x_wconf 89' lang='lat' dir='ltr'>per</span> <span class='ocrx_word' id='word_1_296' title='bbox 301 5034 441 5098; x_wconf 88' lang='lat' dir='ltr'>eosdem</span> <span class='ocrx_word' id='word_1_297' title='bbox 458 5035 492 5097; x_wconf 91' lang='lat' dir='ltr'>in</span> <span class='ocrx_word' id='word_1_298' title='bbox 508 5036 669 5119; x_wconf 88' lang='lat' dir='ltr'>expedito</span> <span class='ocrx_word' id='word_1_299' title='bbox 684 5046 736 5100; x_wconf 90' lang='lat' dir='ltr'>est</span> <span class='ocrx_word' id='word_1_300' title='bbox 753 5058 812 5120; x_wconf 91' lang='lat' dir='ltr'>per</span> <span class='ocrx_word' id='word_1_301' title='bbox 825 5036 967 5101; x_wconf 89' lang='lat' dir='ltr'>eandem</span> <span class='ocrx_word' id='word_1_302' title='bbox 986 5034 1242 5117; x_wconf 91' lang='lat' dir='ltr'>inquisitionem.</span> 
     </span>
    </p>
   </div>
   <div class='ocr_carea' id='block_1_8' title="bbox 0 0 1816 5642">
    <p class='ocr_par' dir='ltr' id='par_1_11' title="bbox 0 0 1816 5642">
     <span class='ocr_line' id='line_1_39' title="bbox 0 0 1816 5642; baseline 0 0"><span class='ocrx_word' id='word_1_303' title='bbox 0 0 1816 5642; x_wconf 95' lang='lat' dir='ltr'> </span> 
     </span>
    </p>
   </div>
  </div>
 </body>
</html>
