3609 5642
343 543 409 611 166
681 537 816 613 Rotnlz‘
831 536 1008 634 Hugonz's
1033 537 1077 609 de
1109 536 1242 610 Welles

337 779 463 842 eadem.
511 779 556 842 Et
573 777 769 840 mandatum
793 788 844 841 est
866 777 958 841 dicto
983 776 1229 840 Archidiacono
1253 785 1300 852 ut,
1322 785 1384 839 etc.
1431 774 1597 839 Consistit

337 892 449 946 autem
474 883 546 965 ipsa
561 882 683 945 vicaria
706 884 738 945 in
763 892 836 946 toto
858 883 1020 964 altaragio
1045 882 1147 964 ipsius
1169 880 1317 958 ecclesie,
1339 901 1415 942 cum
1440 879 1597 942 omnibus

338 988 474 1050 minutis
504 986 643 1050 decimis
672 997 706 1050 et
738 986 900 1069 primitiis,
923 998 958 1049 et
983 995 1055 1048 tota
1080 985 1212 1048 decima
1239 985 1282 1048 de
1306 984 1478 1046 dominico
1508 983 1597 1046 dicte

337 1091 484 1168 ecclesie,
499 1100 533 1154 et
548 1089 694 1172 quodam
712 1101 808 1172 prato
823 1088 914 1172 quod
926 1099 1064 1152 vocatur
1079 1088 1212 1172 pratum
1229 1089 1367 1151 ecclesie
1383 1087 1426 1150 de
1443 1087 1597 1150 Bulewic'

338 1217 451 1258 versus
477 1195 651 1272 lexitone,
675 1195 860 1278 pertinente
891 1193 934 1257 ad
957 1192 1163 1256 dominicum
1187 1191 1268 1255 dicti
1298 1191 1446 1267 ecclesie,
1467 1201 1503 1253 et
1525 1201 1597 1253 tota

338 1298 469 1362 decima
485 1298 676 1376 molendini,
691 1308 725 1361 et
748 1298 878 1361 decima
895 1298 1053 1380 pannagii
1077 1298 1180 1379 ipsius
1204 1297 1343 1359 manerii
1366 1296 1409 1359 de
1434 1296 1597 1371 Bulewic',

338 1405 427 1466 etin
453 1403 584 1466 duobus
612 1402 790 1484 mesuagiis
816 1402 889 1464 sitis
916 1422 1020 1483 prope
1045 1400 1188 1464 eandem
1216 1399 1399 1462 ecclesiam.
1448 1398 1597 1462 Habebit

339 1507 427 1570 idem
444 1507 584 1569 vicarius
600 1505 808 1588 capellanum
820 1505 946 1568 socium
956 1504 1114 1567 continue
1130 1504 1164 1566 in
1176 1502 1305 1586 capella
1319 1504 1414 1566 Beati
1426 1503 1597 1566 Laurentii

339 1609 591 1672 ministrantem.

903 1728 1033 1742 ——

402 1779 497 1843 [Mem.
509 1781 544 1842 8.]

339 1870 480 1939 [Richard
503 1885 553 1921 son
576 1870 612 1936 os
627 1869 732 1930 Robert,
756 1867 925 1928 subdeacon,
939 1867 1089 1934 presented
1107 1867 1141 1935 by
1162 1867 1209 1919 tlte
1231 1868 1318 1946 Prior
1337 1867 1399 1920 and
1421 1866 1550 1919 Convent
1564 1866 1599 1934 of

405 1953 548 2020 Coventty,
561 1951 587 2002 is
597 1950 744 2004 instituted
753 1956 780 2003 to
790 1951 836 2003 tite
847 1949 947 2003 churet
956 1950 992 2017 os
1003 1950 1160 2014 ane'ck]

426 2061 878 2126 WYNEWYKE.—Ricardus
890 2055 976 2124 filius
988 2061 1375 2137 Roberti,subdiaconus,
1386 2071 1596 2143 presentatus

338 2187 396 2249 per
419 2168 565 2230 Priorem
589 2175 623 2230 et
646 2174 847 2229 conventum
872 2165 1050 2229 Coventrie
1073 2164 1116 2227 ad
1143 2165 1318 2228 ecclesiam
1348 2164 1391 2227 de
1416 2164 1596 2238 Winewic',

337 2271 424 2334 sacta
441 2272 531 2353 prius
555 2271 769 2352 inquisitione
792 2289 850 2352 per
872 2269 910 2350 J,
935 2269 1220 2332 Archidiaconum
1246 2268 1524 2350 Norhamptonie,
1541 2289 1598 2350 per

334 2395 445 2456 quam,
460 2384 531 2450 etc,
546 2373 589 2437 ad
605 2373 747 2437 eandem
771 2372 936 2436 admissus
959 2384 1019 2450 est,
1035 2383 1096 2437 etc.
1145 2373 1190 2436 Et
1213 2372 1411 2436 mandatum
1434 2384 1487 2436 est
1505 2371 1595 2436 dicto

337 2476 585 2541 Archidiacono
601 2485 646 2554 ut,
662 2485 726 2539 etc.

333 2735 441 2803 [Roget
469 2735 503 2788 de
536 2733 695 2801 Hereforde.
721 2733 859 2801 cleoplae'n,
887 2733 1035 2800 presented
1060 2733 1093 2801 by
1120 2734 1166 2786 tlte
1199 2734 1286 2785 Prior
1312 2731 1373 2784 and
1405 2733 1535 2785 Conveni
1563 2733 1600 2801 os

405 2815 559 2880 Ckncomie,
573 2817 597 2868 is
608 2815 755 2868 instituted
763 2816 843 2869 vicar
851 2817 886 2884 os
894 2814 1049 2868 Cltacombe.
1088 2815 1115 2868 T
1111 2816 1146 2868 ire
1156 2817 1287 2884 vetarage
1297 2817 1323 2866 is
1333 2814 1491 2884 described]

424 2926 872 3008 CHAUCUMBE.—Rogerus
892 2926 936 2988 de
957 2925 1151 3002 Heresorde‚
1167 2925 1367 3007 capellanus
1384 2934 1596 3006 presentatus

334 3051 392 3113 per
413 3030 557 3093 Priorem
574 3039 607 3092 et
623 3040 824 3093 conventum
841 3029 882 3092 de
907 3029 1124 3093 Chaucumbe
1147 3029 1189 3092 ad
1207 3030 1363 3091 vicariam
1387 3029 1527 3091 ecclesie
1549 3028 1592 3091 de

337 3133 562 3210 Chaucumbe,
586 3133 673 3196 facta
697 3134 786 3216 prius
810 3132 1025 3214 inquisitione
1049 3153 1107 3214 per
1129 3132 1166 3214 J,
1193 3132 1478 3196 Archidiaconum
1514 3132 1597 3194 Nor-

334 3237 540 3320 hamptonie,
556 3257 740 3319 perquam,
756 3246 826 3313 etc,
842 3236 884 3299 ad
901 3236 1044 3300 eandem
1062 3235 1228 3300 admissus
1243 3246 1294 3300 est
1316 3256 1393 3299 cum
1409 3256 1520 3312 onere,
1535 3244 1595 3298 ete

335 3341 381 3403 Et
407 3340 603 3403 mandatum
626 3349 678 3402 est
700 3338 809 3402 eidem
837 3339 1087 3403 Archidiacono
1115 3349 1161 3415 ut,
1185 3349 1246 3402 etc.
1298 3338 1461 3403 Consistit
1485 3348 1597 3401 autem

334 3446 408 3526 ipsa
431 3444 552 3506 vicaria
576 3443 607 3504 in
626 3462 692 3506 uno
715 3443 865 3507 corredio
892 3443 1043 3505 canonici
1067 3452 1102 3506 et
1125 3443 1159 3505 in
1182 3442 1248 3505 alio
1271 3441 1421 3505 corredio
1444 3441 1487 3504 ad
1513 3461 1598 3523 opus

334 3546 509 3628 cujusdam
526 3547 634 3610 clerici
650 3547 702 3610 cui
719 3547 859 3610 vicarius
875 3548 1044 3611 tenebitur
1060 3549 1093 3610 in
1109 3546 1284 3630 stipendiis
1299 3569 1306 3624 ;
1329 3547 1409 3609 item
1422 3546 1456 3609 in
1466 3545 1598 3609 duabus

334 3651 453 3713 marcis
470 3650 588 3713 annuis
604 3649 647 3713 de
662 3670 794 3713 camera
812 3651 932 3714 Prioris
948 3651 1087 3734 predicti
1104 3649 1332 3733 percipiendis.

336 3993 478 4062 [Geoffrey
493 3994 527 4047 de
543 3993 670 4054 Lodbroc,
688 3994 824 4062 chaplain
837 3993 988 4061 presented
1000 3994 1034 4062 by
1044 3994 1090 4047 tire
1105 3994 1232 4046 Pn'oress
1246 3992 1307 4046 and
1322 3993 1452 4045 Convent
1465 3993 1502 4060 of
1514 3993 1597 4044 Nun·

400 4075 693 4227 {matinanta
711 4077 791 4130 vicar
807 4077 843 4144 of
859 4075 1153 4144 Bnrleynn-the-Hill,
1173 4074 1306 4128 Rntland,
1343 4074 1401 4128 The
1421 4075 1555 4143 vioarage
1575 4077 1601 4127 is

426 4260 860 4325 Bormum-Gattridus
890 4261 933 4325 de
958 4261 1122 4338 Lodbroc,
1152 4261 1353 4344 capellanus,
1385 4269 1599 4342 presentatus

337 4386 395 4448 per
433 4364 625 4427 Priorissam
664 4376 698 4428 et
734 4373 938 4428 conventum
975 4364 1074 4428 Eton‘
1110 4364 1152 4428 ad
1188 4364 1346 4427 vicariam
1384 4362 1524 4426 ecclesie
1554 4360 1597 4424 de

339 4467 515 4550 Burnleya,
546 4466 633 4532 facta
665 4469 753 4550 prius
780 4469 996 4551 inquisitione
1026 4490 1085 4550 per
1117 4469 1316 4551 Magistrum
1342 4467 1384 4544 S,
1409 4465 1597 4532 Officialem

339 4571 613 4652 Norhamptonie,
628 4592 687 4653 per
702 4590 812 4651 quam,
828 4581 900 4646 etc,
918 4570 959 4634 ad
980 4571 1123 4634 eandem
1144 4569 1311 4633 admissus
1326 4579 1385 4645 est,
1402 4590 1479 4632 curn
1497 4589 1597 4631 onere

336 4684 371 4739 et
395 4694 490 4756 pena,
509 4683 570 4736 etc.
630 4673 673 4736 Et
697 4674 893 4737 mandatum
919 4684 970 4736 est
993 4675 1030 4756 J,
1049 4672 1296 4737 Archidiacono
1321 4672 1600 4753 Norhamptonie,

338 4788 383 4854 ut,
413 4787 473 4839 etc.
520 4775 679 4840 Consistit
707 4786 819 4840 autem
846 4777 919 4858 ipsa
943 4778 1064 4839 vicaria
1095 4777 1128 4839 in
1155 4787 1228 4838 toto
1250 4775 1413 4858 altaragio
1443 4773 1597 4855 ejusdem

339 4881 485 4954 ecclesie,
505 4880 656 4960 exceptis
680 4880 775 4962 agnis
798 4890 832 4943 et
855 4879 1114 4942 obventionibus
1137 4879 1405 4961 pervenientibus
1428 4876 1471 4940 ad
1496 4879 1600 4941 altare

341 5007 399 5070 per
423 5005 470 5046 xv
495 4983 567 5045 dies
598 4983 630 5044 in
661 4983 794 5046 duobus
824 4983 916 5046 sestis
947 4984 1062 5048 Sancti
1094 4983 1217 5047 Crucis
1266 4983 1352 5047 Item
1384 4982 1540 5045 consistit
1566 4981 1598 5042 in
