3609 5642
324 557 370 632 86
677 553 812 632 Rotulz‘
830 552 1004 654 Hugom's
1021 553 1065 630 dc
1092 553 1224 631 Welles

322 795 462 864 [Wlliam
485 795 518 848 da
540 795 631 864 Haya,
650 795 818 858 sub-deaceae,
841 811 876 848 on
899 794 945 848 tlte
962 795 1147 862 presentation
1169 794 1205 861 os
1223 793 1318 862 Roger
1333 793 1367 847 dc
1390 794 1475 861 Verly,
1495 795 1520 846 is
1536 795 1580 846 ira

386 877 501 931 stitutea'
514 882 541 931 to
555 878 600 930 the
611 877 755 948 charchas
767 877 932 946 Wouglrton.
970 876 997 928 Τ
992 893 1009 929 o
1024 876 1148 929 William
1159 876 1194 928 dc
1210 876 1395 944 Bulsingham
1412 877 1437 928 is
1452 877 1584 929 rescrved

387 961 432 1013 his
454 962 587 1029 vr'carage
606 961 638 1012 in
657 960 703 1014 the
722 961 813 1013 whole
830 959 940 1013 clrurclr.
974 959 1020 1012 He
1032 962 1106 1027 pays
1121 975 1159 1010 an
1176 959 1288 1011 annual
1298 960 1418 1026 passion
1440 960 1476 1027 of
1492 976 1530 1012 2s.
1553 965 1581 1011 to

392 1042 517 1096 Wlliam
528 1042 562 1095 cle
574 1041 678 1112 Haya]

409 1161 855 1243 WOKETONE.-Magister
892 1160 1080 1223 Willelmus
1118 1159 1160 1223 de
1201 1159 1311 1242 Haya,
1345 1161 1580 1238 subdiaconus,

322 1275 531 1346 presentatus
563 1286 620 1347 per
653 1266 821 1348 Rogerum
852 1265 895 1328 de
925 1264 1039 1347 Veriy,
1070 1264 1219 1340 militem,
1249 1264 1291 1327 ad
1323 1266 1496 1329 ecclesiam
1535 1267 1579 1328 de

322 1368 521 1446 Woketone,
538 1368 625 1432 lacta
641 1370 730 1451 prius
748 1369 962 1450 inquisitione
979 1389 1037 1451 per
1055 1369 1109 1444 M,
1128 1367 1411 1432 Archidiaconum
1430 1369 1578 1452 Bulring-

322 1472 537 1548 hamiensem,
563 1493 622 1556 per
645 1493 756 1554 quam,
775 1475 853 1548 'etc.,
878 1472 921 1535 ad
946 1472 1087 1535 eandem
1116 1471 1281 1535 admissus
1305 1482 1365 1548 est,
1389 1483 1459 1549 etc,
1485 1473 1579 1535 salva

323 1575 494 1639 Willelmo
518 1577 561 1640 de
589 1577 812 1660 Bukingham,
838 1576 1022 1659 capellano,
1048 1577 1170 1639 vicaria
1200 1597 1261 1638 sua
1287 1598 1387 1658 quam
1419 1576 1520 1640 habet
1543 1579 1577 1639 in

292 1727 294 1730 -
322 1679 450 1756 eadem,
474 1681 531 1762 qui
558 1681 694 1764 quidem
722 1691 828 1744 totam
856 1679 947 1743 illam
975 1681 1147 1743 ecclesiam
1177 1680 1304 1744 tenebit
1333 1679 1578 1762 quoadvixerit,

321 1781 493 1847 reddendo
517 1783 593 1847 inde
616 1785 789 1846 annuatim
814 1793 1001 1846 memorato
1026 1784 1189 1866 Magistro
1212 1783 1382 1846 Willelmo
1405 1783 1447 1847 de
1476 1783 1579 1865 Haya

321 1886 406 1950 duos
436 1888 560 1950 solidos
584 1889 719 1951 nomine
746 1888 923 1970 pensionis,
971 1887 1015 1951 Et
1043 1887 1239 1954 mandatum
1263 1896 1314 1950 est
1340 1886 1431 1951 dicto
1459 1888 1577 1949 Archi·

320 1989 463 2054 diacono
479 1990 776 2074 Bukinghamiensi
793 2002 830 2055 ut
845 1989 1029 2054 secundum
1046 1989 1186 2052 sormam
1203 2000 1424 2072 prenotatam,
1438 2000 1499 2054 etc.

321 2209 453 2275 [Eustacc
464 2210 497 2263 de
511 2211 621 2278 Offeley.
634 2211 772 2278 chaplain,
786 2210 904 2263 collated
917 2211 1006 2278 hythe
1017 2210 1131 2278 Bishop,
1145 2210 1170 2261 is
1181 2209 1326 2262 instituted
1340 2215 1366 2262 to
1377 2210 1422 2262 tlte
1433 2210 1534 2263 clrrcrclr
1546 2211 1583 2278 of

384 2292 597 2346 [sautans-read
607 2293 728 2346 Ckenies.
766 2294 822 2346 The
833 2293 915 2362 nght
922 2293 958 2362 of
964 2293 1009 2346 tlte
1020 2298 1081 2345 truc
1086 2296 1192 2360 patron
1203 2293 1228 2344 is
1237 2292 1385 2358 rescrved]

409 2411 956 2476 ISELHAMSTEDE.-Eustachius
1004 2412 1047 2475 de
1086 2411 1228 2493 Offeley‚
1271 2411 1471 2494 capellanus,
1523 2413 1576 2475 cui

319 2515 475 2578 dominus
493 2515 681 2598 Episcopus
696 2516 870 2580 ecclesiam
888 2515 931 2579 de
957 2515 1197 2579 lselhamstede
1217 2515 1358 2579 contulit
1378 2515 1577 2579 auctoritate

320 2619 459 2695 concilii,
475 2619 567 2682 salvo
584 2620 801 2703 imposterum
818 2630 960 2703 patrono
977 2640 1054 2682 vero
1076 2617 1149 2700 jure
1167 2619 1381 2699 presentandi
1397 2617 1440 2681 ad
1457 2619 1576 2701 ipsam,

319 2723 361 2786 ad
378 2724 520 2786 eandem
545 2723 711 2786 admissus
726 2733 786 2799 est,
808 2736 879 2799 etc,
903 2743 978 2786 cum
1003 2743 1103 2786 onere
1118 2733 1152 2786 et
1176 2743 1262 2805 pena
1278 2723 1483 2785 vicariorum.
1532 2723 1577 2786 Et

320 2826 517 2890 mandatum
540 2837 591 2890 est
617 2827 671 2903 M,
701 2826 948 2890 Archidiacono
981 2826 1308 2907 Buckinghamiensi,
1332 2836 1368 2889 ut
1391 2826 1575 2889 secundum

321 2930 460 2993 formam
479 2931 684 3012 premissam,
699 2941 761 2994 etc.

320 3149 468 3215 [Niclrolas
479 3149 513 3203 de
523 3149 697 3210 Embertone,
709 3150 848 3219 chaplain,
858 3151 882 3202 is
893 3151 1038 3204 instituted
1046 3156 1073 3203 to
1085 3151 1129 3202 tlrc
1139 3151 1271 3218 vicarage
1282 3151 1317 3218 of
1323 3150 1474 3202 Lavcnden
1485 3167 1521 3202 on
1532 3151 1577 3204 tlte

381 3233 568 3299 presentatim
580 3233 615 3300 of
621 3232 666 3284 the
677 3232 767 3285 Abbot
775 3232 836 3284 and
848 3233 973 3284 Convent
983 3233 1018 3302 of
1024 3231 1182 3284 lavenden.
1222 3232 1248 3283 Τ
1244 3232 1278 3284 lte
1288 3231 1420 3300 vicarage
1431 3233 1508 3286 isset
1521 3240 1576 3285 out.

389 3313 446 3365 The
468 3313 575 3380 Bishop
594 3314 721 3368 retained
740 3315 785 3366 tlre
801 3318 902 3381 power
918 3319 945 3366 to
967 3329 1039 3381 vary
1060 3313 1089 3365 r't.
1124 3313 1166 3365 As
1188 3313 1282 3366 lotha
1306 3313 1402 3367 Lords
1423 3314 1530 3382 Chapct
1544 3317 1576 3367 in

384 3395 535 3448 Laverrm
549 3395 644 3459 Castle,
657 3396 760 3448 service
771 3397 796 3449 is
806 3395 860 3448 due
868 3400 924 3448 trvo
934 3395 1003 3463 days
1010 3412 1029 3447 a
1040 3394 1136 3460 succa]

408 3513 887 3579 LAVENDONE.-Nicholaus
910 3514 953 3577 de
978 3514 1193 3589 Embertone,
1218 3513 1419 3596 capellanus,
1443 3536 1575 3596 presen-

319 3627 409 3680 tatus
441 3639 499 3700 per
530 3618 700 3682 Abbatem
737 3629 770 3682 et
805 3628 1007 3681 conventum
1045 3617 1087 3680 de
1124 3616 1308 3681 Laundone
1343 3617 1385 3681 ad
1420 3620 1575 3683 vicariam
1626 3613 1632 3625 ’

319 3721 458 3785 ecclesie
474 3723 516 3786 de
541 3722 753 3798 Lavendone,
776 3723 975 3785 auctoritate
998 3721 1128 3784 concilii
1152 3721 1351 3798 ordinatam,
1374 3721 1464 3784 facta
1487 3724 1576 3805 prius

319 3825 533 3908 inquisitione
550 3846 607 3907 per
625 3826 679 3900 M,
697 3824 979 3888 Archidiaconum
1006 3824 1376 3907 Buckinghamiensem,
1392 3846 1577 3906 perquam,

318 3940 389 4007 ete,
404 3930 446 3992 ad
462 3928 603 3992 eandem
628 3929 793 3992 admissus
816 3939 875 4004 est,
898 3941 969 4005 etc,
985 3951 1061 3992 cum
1085 3949 1185 3992 onere
1201 3938 1235 3991 et
1258 3949 1345 4010 pena
1369 3929 1575 3993 vicariorum.

321 4033 481 4097 Consistit
496 4045 608 4095 autem
627 4033 699 4114 ipsa
716 4033 835 4095 vicaria
851 4033 884 4094 in
902 4042 974 4095 tota
989 4033 1161 4116 altaragi0,
1176 4042 1210 4095 et
1227 4052 1344 4094 manso
1361 4035 1576 4116 competenti,

319 4137 470 4218 exceptis
486 4135 624 4198 decimis
648 4135 713 4198 feni
738 4136 930 4212 molendini,
946 4156 1108 4218 agnorum
1125 4147 1158 4200 et
1182 4135 1266 4211 lane,
1281 4145 1315 4198 et
1332 4137 1440 4218 primo
1456 4137 1574 4220 legato

322 4240 480 4304 Canonici
505 4261 583 4302 vero
606 4241 720 4302 omnia
742 4261 844 4303 onera
868 4241 971 4322 ipsius
993 4241 1132 4304 ecclesie
1155 4240 1375 4304 sustinebunt
1422 4241 1468 4304 Et
1484 4262 1575 4304 man-

320 4344 436 4407 datum
452 4352 503 4406 est
526 4343 635 4406 eidem
663 4343 909 4407 Archidiacono
933 4355 978 4422 ut,
1001 4355 1062 4408 etc.
1110 4343 1261 4406 Retinuit
1284 4355 1397 4407 autern
1421 4343 1577 4408 dominus

322 4458 524 4531 potestatem
552 4447 728 4511 ordinandi
753 4448 849 4511 aliter
877 4449 984 4530 ipsam
1015 4449 1170 4512 vicariam
1202 4448 1229 4508 si
1260 4445 1378 4510 viderit
1407 4449 1576 4531 expedire.

408 4551 569 4635 [Wn'tten
584 4552 681 4615 above
696 4552 765 4635 .·—]
790 4552 868 4615 Fuit
883 4573 990 4616 annus
1005 4551 1178 4616 sufficiens.

412 4695 668 4760 Memorandum
693 4696 735 4760 de
758 4697 887 4780 capella
910 4697 1045 4760 domine
1062 4697 1095 4758 in
1119 4705 1228 4759 castro
1251 4695 1293 4759 de
1318 4695 1522 4762 Lavendone
1544 4699 1578 4762 in

324 4802 396 4883 ipsa
410 4800 628 4876 ordinatione,
645 4801 677 4862 in
701 4822 768 4882 qua
791 4801 924 4865 debitur
946 4801 1119 4864 servicium
1138 4809 1174 4863 ut
1190 4800 1310 4863 dicitur
1326 4821 1385 4881 per
1407 4801 1492 4865 duos
1506 4801 1579 4866 dies

324 4905 355 4966 in
378 4904 576 4979 ebdomada,
592 4903 635 4967 ad
651 4905 742 4986 quod
759 4905 863 4968 abbas
879 4917 1020 4980 tenetur,
1030 4904 1137 4967 donec
1154 4905 1250 4967 aliter
1265 4903 1363 4967 fuerit
1378 4905 1578 4970 ordinatum.

415 5007 471 5092 [In
488 5008 618 5090 margin
631 5008 700 5092 .·-]
716 5009 841 5074 Littere
857 5009 1121 5092 presentationis.
