3609 5642
345 579 416 648 ²44
695 556 829 629 Rotulz'
844 557 1021 652 Hugom's
1044 558 1087 629 de
1114 557 1246 630 Welles

341 819 378 861 se
403 818 506 879 usque
531 796 692 860 fossatum
719 798 823 879 ipsius
848 798 1007 863 Willelmi
1036 819 1149 863 versus
1177 808 1350 873 austrum;
1382 794 1538 860 habenda
1563 804 1596 859 et

342 901 489 964 tenenda
512 900 663 983 predicto
687 900 819 965 Thome
845 910 879 966 et
906 901 1151 965 successoribus
1174 902 1242 965 suis
1267 900 1378 977 libere,
1402 898 1539 982 pacifice
1564 911 1596 964 et

342 1006 454 1085 quiete
469 1004 596 1086 absque
611 1004 723 1086 aliquo
738 1006 873 1069 servitio
888 1016 922 1069 et
938 1005 1107 1069 demanda
1120 1027 1178 1089 per
1191 1006 1378 1088 predictum
1391 1006 1596 1068 escambium

343 1110 375 1171 in
407 1118 614 1191 perpetuum.
676 1109 747 1171 Nos
785 1111 894 1191 igitur,
933 1110 1173 1175 interveniente
1211 1109 1408 1173 dilectorum
1447 1108 1597 1184 filiorum,

345 1213 464 1276 Prioris
494 1223 528 1275 et
555 1222 738 1277 conventus
762 1214 869 1277 sancti
895 1213 1007 1288 Neoti,
1033 1213 1172 1278 ecclesie
1198 1212 1348 1296 predicte
1372 1224 1597 1297 patronorum.

342 1335 488 1392 assensu,
503 1316 711 1392 donationes,
731 1318 972 1393 concessiones,
991 1328 1026 1380 et
1045 1317 1316 1381 confirmationes
1337 1317 1506 1400 predictas
1527 1338 1596 1399 pre·

341 1419 433 1483 dicto
450 1420 550 1483 modo
566 1430 600 1484 et
615 1419 657 1483 ad
674 1421 778 1502 ipsius
794 1421 933 1485 ecclesie
948 1422 1126 1486 utilitatem
1150 1420 1263 1497 factas,
1279 1422 1364 1485 sicut
1386 1442 1445 1503 per
1464 1422 1596 1505 inquisi-

341 1525 466 1586 tionem
485 1522 562 1587 inde
578 1522 701 1586 factam
718 1526 917 1607 accepimus,
927 1525 1110 1607 episcopali
1127 1526 1365 1588 confirmamus
1377 1526 1595 1601 auctoritate;

341 1628 532 1708 sal-visetc.
585 1628 623 1690 ln
652 1627 752 1708 hujus
779 1638 891 1693 autem
918 1640 990 1704 etc,
1017 1628 1080 1691 hiis
1105 1629 1256 1705 testibus,
1286 1629 1457 1711 Magistris
1491 1629 1532 1692 A.
1555 1628 1597 1691 de

342 1730 546 1813 Buggedene
571 1742 606 1794 et
633 1732 672 1794 R.
700 1731 743 1795 de
767 1731 968 1807 Wendoure‚
995 1732 1044 1795 W.
1068 1731 1111 1795 de
1136 1732 1400 1795 Winchecumbe
1422 1742 1458 1795 et
1489 1733 1529 1796 R.
1555 1732 1597 1795 de

341 1834 487 1909 Oxonia,
510 1836 678 1898 canonicis
703 1835 1004 1912 Lincolniensibus‚
1030 1836 1200 1917 Magistris
1225 1836 1276 1899 W.
1300 1836 1342 1899 de
1367 1836 1597 1901 Werministre

340 1950 375 2001 et
399 1939 441 2001 A.
460 1937 503 2001 de
524 1938 717 2015 Arundelle,
740 1938 779 2003 G.
803 1939 846 2003 de
868 1940 983 2016 Moris,
1006 1941 1034 2022 J.
1058 1939 1101 2003 de
1126 1940 1238 2022 Burgo
1260 1950 1294 2003 et
1319 1941 1352 2005 S.
1376 1940 1419 2003 de
1442 1938 1597 2015 Castello,

339 2043 473 2105 clericis.
524 2042 615 2105 Data
642 2062 700 2124 per
725 2063 861 2106 manum
892 2044 931 2107 R.
958 2043 1000 2107 de
1023 2043 1228 2119 Warraville‚
1251 2044 1402 2107 canonici
1431 2042 1597 2106 Lincolni·

338 2146 436 2220 ensis,
462 2145 551 2227 apud
582 2144 785 2228 Lidingtone
810 2148 909 2210 tertio
940 2167 1046 2210 nonas
1073 2146 1219 2229 Augusti
1249 2147 1464 2229 pontificatus
1495 2146 1595 2209 nostri

340 2268 429 2311 anno
446 2270 528 2311 xxn.

338 2546 411 2610 [The
422 2546 530 2613 Bishop
544 2546 660 2614 appeals
676 2552 703 2599 lo
719 2546 764 2599 the
781 2546 858 2615 Pope
873 2548 990 2615 against
1000 2564 1056 2617 any
1073 2548 1192 2601 ‹lecrtion
1208 2550 1245 2617 of
1252 2548 1297 2601 tlte
1313 2548 1401 2601 Abroi
1415 2548 1451 2616 os
1461 2548 1600 2615 Crmrland

403 2628 465 2680 and
473 2627 745 2696 kissellowjudges,
767 2629 957 2697 augmenting
976 2630 1021 2682 tlte
1034 2630 1153 2697 pemion
1172 2629 1227 2682 due
1236 2632 1320 2699 from
1333 2630 1379 2683 the
1397 2630 1499 2682 church
1511 2630 1547 2698 os
1557 2630 1595 2683 St.

405 2708 497 2777 Mmy,
519 2709 730 2777 Northamplon,
748 2716 775 2762 to
791 2710 837 2762 the
853 2710 956 2779 Priori!
973 2712 1009 2778 os
1015 2712 1053 2765 st.
1072 2711 1203 2774 Andrean,
1223 2712 1450 2779 Northampton,·
1467 2712 1540 2778 Sept.
1559 2728 1595 2772 ιε,

320 2784 322 2788 ’
407 2791 491 2853 1231]

428 2923 471 2987 H.
505 2923 568 2985 Dei
597 2924 705 3004 gratia
738 2924 983 2988 Lincolniensis
1020 2924 1196 3007 episcopus
1235 2926 1312 2987 viris
1351 2923 1596 2989 venerabilibus

339 3025 578 3089 ....eadem
609 3028 717 3109 gratia
748 3026 876 3092 Abbati
908 3028 950 3091 de
989 3028 1167 3092 Croilande
1204 3041 1238 3091 et
1268 3027 1500 3109 conjudicibus
1529 3030 1596 3091 suis

339 3129 480 3193 salutem
505 3130 537 3192 in
563 3130 719 3193 Domino.
768 3130 970 3195 Audivimus
994 3132 1083 3214 quod
1114 3133 1204 3195 Prior
1226 3142 1260 3194 et
1284 3143 1468 3195 conventus
1491 3134 1596 3196 sancti

340 3233 476 3297 Andree
514 3233 784 3317 Norbamptonie
821 3235 980 3300 dilectum
1021 3240 1051 3299 iu
1092 3236 1224 3300 Christo
1259 3235 1372 3312 filium,
1414 3235 1595 3299 Henricum

339 3338 496 3400 vicarium
525 3348 639 3400 sancte
669 3338 776 3403 Marie
797 3339 899 3419 juxta
922 3340 1077 3404 Castrum
1105 3340 1381 3422 Norhamptonie
1407 3341 1439 3402 in
1461 3360 1594 3403 causam

338 3442 475 3505 trahunt
514 3442 712 3505 auctoritate
754 3442 940 3507 litterarum
981 3444 1108 3507 domini
1148 3445 1236 3527 Pape
1273 3464 1385 3506 coram
1420 3443 1523 3520 vobis,
1562 3454 1596 3506 ut

338 3545 527 3608 ulteriorem
545 3545 740 3627 pensionem
758 3566 860 3627 quam
877 3546 1021 3611 debetur
1036 3557 1262 3629 extorqueant
1278 3546 1321 3610 ab
1337 3545 1465 3610 eodem.
1511 3546 1595 3611 Cum

339 3649 439 3730 igitur
465 3649 497 3709 in
529 3648 677 3711 ecclesiis
704 3660 818 3713 nostre
848 3650 991 3714 diocesis
1023 3651 1199 3732 pensiones
1230 3670 1316 3713 nove
1346 3650 1502 3712 constitui
1530 3669 1595 3713 non

338 3752 483 3815 debeant
499 3761 609 3834 preter
624 3772 798 3816 assensum
815 3765 965 3818 nostrum
990 3755 1039 3817 vel
1062 3764 1189 3818 veteres
1210 3753 1378 3836 adaugeri,
1402 3753 1539 3835 nequid
1565 3755 1595 3817 in

339 3866 489 3919 nostrum
502 3866 536 3919 et
545 3855 685 3919 ecclesie
698 3866 810 3920 nostre
823 3855 1045 3938 prejudicium
1061 3878 1118 3939 per
1131 3878 1189 3919 vos
1201 3857 1233 3919 in
1246 3856 1308 3919 hac
1320 3867 1414 3939 parte
1423 3866 1596 3931 statuatur,

339 3958 451 4021 sedem
469 3958 687 4039 apostolicam
704 3959 923 4042 appellamus
965 3960 1042 4022 Dat’
1059 3981 1117 4042 per
1133 3980 1269 4023 manum
1288 3954 1421 4023 Radulli
1443 3958 1485 4022 de
1503 3960 1596 4023 War-

340 4061 453 4125 raville
468 4060 558 4143 apud
577 4062 755 4126 Netelham
774 4062 923 4125 secundo
940 4062 1015 4125 idus
1033 4062 1239 4146 Septembris
1257 4062 1470 4144 pontificatus
1494 4065 1595 4128 nostri

339 4186 429 4229 anno
445 4185 530 4228 xxn.

340 4464 411 4533 [The
422 4462 529 4531 Bnkop
540 4463 707 4516 withdraws
717 4464 763 4516 the
773 4464 876 4532 appetii
886 4464 921 4518 he
932 4464 991 4517 had
1002 4466 1081 4518 made
1092 4470 1119 4517 to
1131 4465 1176 4518 the
1187 4465 1263 4531 I'ope
1279 4466 1395 4532 against
1404 4480 1422 4516 a
1434 4464 1554 4517 (kaim
1565 4466 1601 4529 os

404 4544 450 4598 the
457 4544 547 4598 Arbor
554 4546 590 4612 os
596 4545 731 4614 Chanar,
740 4545 824 4598 about
832 4546 878 4599 the
884 4546 1015 4599 charchas
1022 4546 1188 4614 oankltam
1201 4545 1261 4597 and
1267 4544 1441 4609 Hambleibm
1451 4546 1596 4615 Rutlandl

428 4680 481 4743 De
496 4679 614 4744 litteris
631 4680 757 4745 Abbati
774 4681 897 4747 Certes’
914 4692 948 4745 et
958 4680 1189 4762 conjudicibus
1200 4682 1267 4744 suis
1283 4679 1428 4756 directis,
1440 4702 1500 4764 per
1514 4703 1597 4764 quas

339 4784 496 4847 dominus
511 4784 688 4867 episcopus
703 4786 907 4850 renuntiavit
929 4784 1145 4868 appellationi
1170 4784 1365 4865 interposite
1386 4804 1498 4847 coram
1516 4786 1596 4868 ipsis

338 4908 437 4969 super
451 4887 598 4950 ecclesiis
614 4887 656 4951 de
673 4889 802 4952 Ocham
819 4900 853 4952 et
872 4888 1113 4965 Hameledene,
1125 4887 1266 4950 habetur
1282 4886 1314 4948 in
1332 4885 1440 4949 rotulo
1454 4908 1596 4953 memor·

338 4988 501 5055 nudorum
518 5010 608 5055 anno
624 4991 708 5057 xxii.
