3609 5642
336 585 404 659 134
674 564 811 639 Rotulz'
833 564 1007 664 Hugonis
1033 566 1076 639 cle
1111 564 1243 640 Welles

330 804 422 880 dum,
442 805 710 869 Lincolniensem
734 807 939 889 episcopum,
958 805 1001 870 de
1030 826 1194 869 consensu
1214 805 1375 870 Willelmi
1406 807 1524 869 decani
1554 816 1589 869 et

331 907 467 990 capituli
488 909 669 986 Lincolnie,
688 909 814 972 eisdem
838 909 1007 973 canonicis
1031 909 1064 971 in
1093 910 1274 992 prioratum
1305 919 1356 973 est
1383 909 1589 986 confirmata,

332 1013 571 1076 interveniente
595 1012 685 1094 prius
712 1011 834 1075 Vitalis
862 1013 1015 1092 Engaine
1046 1014 1186 1094 patroni,
1209 1023 1243 1076 et
1271 1013 1419 1078 Simonis
1449 1034 1591 1096 persone

330 1116 468 1179 ecclesie
483 1115 526 1180 de
543 1116 699 1179 Laxtone
715 1137 861 1192 assensu,
877 1117 920 1180 ad
937 1116 1081 1180 eundem
1100 1117 1281 1199 prioratum
1298 1117 1464 1181 admissus
1480 1128 1541 1194 est,
1556 1129 1590 1182 et

333 1219 366 1281 in
381 1239 422 1281 eo
438 1221 597 1282 canonice
613 1219 702 1302 prior
723 1220 895 1283 institutus
913 1240 971 1301 per
994 1219 1123 1295 librum,
1139 1231 1176 1283 ut
1200 1221 1301 1283 moris
1324 1229 1385 1295 est,
1400 1221 1592 1284 obedientie

328 1323 519 1404 juramento
549 1323 735 1387 subsecuto,
781 1323 908 1387 Actum
938 1324 1029 1405 apud
1054 1323 1259 1406 Tinghurste
1289 1324 1344 1388 die
1364 1324 1593 1400 Ascencionis,

332 1427 495 1505 videlicet,
512 1428 553 1491 vl⁰
570 1427 743 1492 Kalendas
762 1429 862 1511 Junii,
882 1428 1093 1510 presentibus
1113 1428 1277 1510 Johanne,
1297 1438 1491 1511 precentore
1512 1429 1591 1492 Lin-

333 1531 450 1609 colnie,
470 1541 541 1606 etc,
559 1541 597 1595 ut
617 1532 650 1595 in
667 1533 876 1595 institutione
893 1532 1010 1613 prioris
1026 1531 1069 1594 de
1093 1531 1232 1595 Belvero
1256 1534 1289 1594 in
1306 1531 1591 1597 Archidiaconatu

301 1717 303 1722 A
334 1635 514 1712 Lincolnie,
538 1645 684 1718 excepto
716 1636 876 1718 magistro
904 1635 1050 1698 Ricardo
1081 1635 1124 1699 de
1150 1636 1335 1700 Waddone.
1383 1638 1428 1701 Et
1452 1637 1593 1701 manda-

332 1751 402 1804 tum
426 1749 478 1803 est
495 1739 741 1803 Archidiacono
759 1739 1002 1803 Norhamtonie
1025 1751 1062 1802 ut
1085 1740 1146 1803 hec
1170 1741 1204 1802 in
1227 1741 1375 1823 capitulo
1398 1741 1462 1804 loci
1493 1740 1594 1805 saciat

332 1843 526 1925 pupplicari‚
541 1853 574 1906 et
590 1842 680 1925 quod
697 1863 793 1906 suum
810 1854 860 1907 est
877 1844 1015 1907 ulterius
1031 1853 1226 1926 exequatur.
1273 1845 1378 1907 Facta
1394 1855 1508 1907 autern
1530 1843 1594 1907 fuit

332 1947 422 2028 prius
453 1947 622 2028 inquisitio
652 1966 711 2028 per
735 1945 924 2010 Officialem
955 1947 1095 2028 predicti
1124 1946 1373 2023 Archidiaconi,
1400 1967 1458 2030 per
1489 1967 1594 2028 quam

332 2051 504 2133 negotium
521 2070 620 2132 super
635 2051 804 2132 premissis
820 2049 882 2114 fuit
898 2052 932 2112 in
948 2050 1119 2131 expedito

333 2394 473 2463 [Geoffrey
484 2393 516 2446 dc
528 2393 658 2456 Eketonc,
666 2397 812 2460 precentor
820 2394 856 2461 of
862 2393 1024 2453 mustuole,
1032 2395 1058 2446 is
1068 2395 1215 2446 insututed
1217 2396 1303 2461 prior
1310 2396 1347 2458 os
1355 2394 1470 2447 Canon’s
1481 2393 1598 2462 Ashby.]

421 2503 590 2568 Galfridus
613 2506 656 2567 de
678 2503 841 2581 Eketone,
860 2515 1035 2587 precentor
1057 2504 1103 2568 de
1126 2505 1344 2588 Dunestaple,
1364 2506 1434 2587 pari
1458 2515 1539 2568 voto
1561 2516 1598 2569 et

335 2609 482 2672 unanimi
506 2628 642 2670 assensu
666 2609 902 2671 canonicorum
919 2608 962 2671 de
979 2609 1110 2691 Esseby
1126 2609 1252 2672 electus
1275 2609 1317 2672 ad
1344 2610 1527 2691 prioratum
1553 2608 1598 2672 de

334 2711 474 2793 Esseby,
493 2721 667 2774 vacantem
700 2732 758 2793 per
789 2712 1046 2794 resignationem
1076 2711 1126 2789 0,
1151 2733 1256 2794 nuper
1286 2712 1404 2794 prioris
1434 2710 1597 2792 ejusdem,

333 2815 575 2879 interveniente
594 2815 716 2898 Rogeri
733 2814 776 2878 de
793 2815 890 2878 Kauz
913 2815 1064 2896 ejusdem
1081 2817 1246 2898 prioratus
1266 2815 1399 2898 patroni
1422 2836 1597 2891 consensu,

333 2919 495 2982 electione
517 2919 619 2981 etiam
644 2920 715 3001 ipsa
738 2939 797 3001 per
821 2919 870 2996 R,
893 2919 1176 2982 Archidiaconum
1202 2919 1385 2997 Lincolnie,
1407 2918 1595 2984 Officialem

335 3021 463 3087 domini
476 3022 646 3104 Episcopi,
658 3023 853 3085 examinata
868 3031 902 3085 et
919 3023 1055 3086 inventa
1065 3023 1234 3099 canonica,
1247 3043 1307 3105 per
1318 3043 1392 3105 que,
1403 3036 1475 3098 etc,
1485 3023 1597 3085 Priore

336 3126 379 3189 de
404 3125 613 3208 Dunestaple
636 3146 712 3189 cum
736 3125 854 3189 eodem
880 3125 1031 3189 Galirido
1055 3127 1087 3188 in
1113 3126 1144 3189 id
1170 3127 1409 3202 consentiente,
1431 3125 1596 3189 admissus

336 3240 396 3306 est,
409 3229 632 3306 confirmatur,
647 3241 681 3293 et
698 3231 730 3293 in
746 3228 866 3292 eodem
883 3230 973 3312 prior
989 3230 1168 3293 institutus.
1210 3230 1336 3294 Actum
1353 3229 1442 3312 apud
1461 3230 1596 3293 Beruni-

337 3333 490 3396 cestriam
515 3333 547 3395 in
562 3331 657 3396 ¹sesto
673 3333 789 3399 Sancti
808 3333 984 3410 Leonardi,
1002 3333 1138 3409 scilicet,
1153 3345 1273 3397 octavo
1291 3334 1371 3397 Idus
1388 3333 1597 3410 Novembris

338 3435 551 3520 pontificatus
567 3434 695 3499 domini
712 3437 871 3520 Episcopi
888 3435 925 3500 x⁰
940 3436 1005 3518 vij0.

429 3719 499 3804 [on
516 3719 734 3803 cesara-1

641 3857 974 3921 Nouanurroum:
998 3858 1139 3924 Annus
1162 3857 1295 3922 xv111⁰⁸

340 3983 461 4049 [Walter
469 3984 503 4037 de
517 3984 666 4052 Cantilupo
677 3986 702 4036 r's
713 3984 858 4037 instituted
866 3989 893 4036 to
905 3985 950 4037 the
966 3984 1067 4038 churclr
1079 3986 1114 4053 os
1120 3984 1251 4038 Bulwick
1261 4000 1298 4037 on
1309 3983 1552 4052 representation
1569 3984 1604 4052 os

411 4063 535 4117 Willr'crm
547 4065 581 4118 de
595 4065 762 4133 Cantilupon

432 4175 841 4260 BULEWIK’.-Magister
857 4177 1027 4241 Walterus
1049 4178 1092 4241 de
1112 4179 1302 4261 Cantilupo,
1317 4185 1528 4260 presentatus
1544 4198 1602 4259 per

344 4278 550 4342 Willelmum
567 4281 609 4344 de
625 4281 814 4363 Cantilup0‚
831 4282 1004 4358 seniorem,
1020 4282 1064 4344 ad
1079 4283 1253 4345 ecclesiam
1264 4281 1307 4344 de
1324 4280 1498 4356 Bulewica,
1513 4278 1602 4343 facta

346 4385 437 4466 prius
453 4383 666 4465 inquisitione
681 4405 739 4467 per
757 4384 1039 4448 Archidiaconum
1060 4385 1312 4460 Norhamtonie,
1326 4384 1468 4466 receptis
1484 4383 1603 4447 litteris

344 4485 472 4549 domini
497 4486 599 4568 Regis
622 4486 869 4551 continentibus
892 4487 982 4569 quod
1007 4489 1101 4550 Prior
1120 4489 1163 4551 de
1186 4487 1404 4569 Wurspringe
1420 4487 1547 4548 remisit
1569 4495 1603 4549 et

347 4591 496 4671 quietum
513 4588 669 4652 clamavit
692 4611 804 4653 coram
828 4611 877 4666 e0,
900 4612 961 4673 pro
984 4612 1020 4654 se
1042 4603 1076 4654 et
1092 4591 1336 4654 successoribus
1353 4590 1429 4666 suis,
1453 4588 1604 4672 predicto

348 4693 518 4757 Willelmo
546 4692 588 4756 de
619 4694 807 4777 Cantelupo
837 4704 945 4757 totum
975 4695 1029 4776 jus
1055 4705 1088 4758 et
1111 4691 1278 4758 'clamium
1310 4693 1399 4776 quod
1427 4694 1540 4776 posuit
1570 4695 1604 4756 in

349 4797 569 4860 advocatione
585 4798 722 4860 ecclesie
738 4808 931 4873 memorate,
946 4797 1060 4860 Vitale
1075 4799 1175 4861 etiam
1195 4797 1371 4880 Engauine
1386 4795 1603 4879 appellationi

348 4920 408 4982 pro
424 4920 464 4962 eo
488 4897 573 4962 facte
590 4921 689 4983 super
703 4901 820 4962 eadem
845 4900 986 4963 ecclesia
1009 4901 1204 4964 litteratorie
1221 4901 1440 4976 renuntiante,
1456 4918 1604 4982 perque,

348 5013 419 5080 etc,
434 5002 477 5065 ad
500 5002 641 5067 eandem
666 5024 724 5087 per
742 5003 917 5066 Matheum
941 5004 984 5067 de
1008 5005 1205 5089 Cantelup0,
1227 5014 1475 5088 procuratorem
1498 5023 1605 5078 suurn,
