3609 5642
314 575 358 644 32
664 553 800 646 Rotnle'
813 553 992 650 Hngonis
1009 555 1053 628 de
1079 553 1211 629 Welles

311 789 422 858 [nosen
435 789 469 842 n
484 789 614 854 asnaa,
628 791 796 855 mnam,
803 753 1000 861 presentata
1011 791 1140 856 annae
1154 791 1231 845 aare
1244 791 1388 860 osenna
1403 795 1465 846 ane
1481 795 1565 848 com-

376 872 451 936 wall,
464 888 498 924 as
508 872 628 941 holding
644 872 689 925 tlte
707 873 790 926 laneis
806 875 842 942 of
849 873 949 928 Rob'ert
960 874 1096 939 Countof
1102 874 1206 938 [irene
1218 876 1244 927 is
1259 875 1408 928 instituted
1415 879 1522 943 parson
1534 877 1570 944 os

374 971 392 1006 a
406 955 521 1024 mediety
532 954 568 1023 os
574 955 620 1008 tire
631 954 732 1008 chureii
742 956 779 1025 os
785 955 944 1019 Rowsteam,
955 955 1066 1024 voidby
1077 956 1123 1009 tite
1128 957 1304 1025 prefeement
1312 957 1348 1026 os
1354 957 1482 1026 Leaen]

398 1074 856 1139 ROLLESHAM.-R0bertus
871 1075 915 1139 de
939 1075 1088 1153 Esthall',
1103 1075 1336 1155 subdiaconus,
1353 1087 1563 1160 presentatus

309 1197 369 1261 per
394 1179 442 1254 R,
463 1177 630 1242 Comitem
656 1179 803 1244 Pictauie
826 1191 860 1244 et
885 1180 1061 1258 Comubie,
1084 1183 1212 1245 ratione
1235 1192 1396 1246 terrarum
1425 1182 1563 1247 Roberti

310 1280 451 1345 Comitis
468 1282 652 1346 Drocarum
670 1284 702 1346 in
717 1304 816 1347 manu
830 1305 890 1348 sua
905 1284 1133 1362 existentium,
1143 1284 1186 1348 ad
1199 1284 1414 1350 medietatem
1425 1286 1563 1350 ecclesie

309 1385 352 1450 de
369 1385 572 1463 Rollesham,
588 1399 762 1452 vacantem
778 1409 819 1452 eo
834 1389 925 1471 quod
950 1389 1118 1452 Lucianus
1141 1389 1259 1453 ultimo
1282 1400 1389 1454 rector
1411 1389 1561 1472 ejusdem

309 1489 458 1554 beneficii
475 1491 565 1554 aliud
582 1491 725 1570 admisit,
741 1492 793 1555 cui
817 1513 895 1556 cura
918 1493 1104 1556 animarum
1127 1504 1179 1557 est
1201 1513 1344 1570 annexa,
1361 1492 1449 1558 facta
1472 1496 1562 1579 prius

309 1591 521 1676 inquisitione
551 1614 610 1678 per
638 1595 688 1672 A,
719 1595 1003 1659 Archidiaconum
1036 1595 1158 1672 Oxon',
1188 1617 1247 1678 per
1276 1616 1388 1679 quam,
1417 1609 1488 1673 etc..
1519 1598 1560 1662 ad

308 1694 449 1760 eandem
461 1697 626 1762 admissus
638 1709 689 1763 est
704 1721 711 1775 ;
735 1709 770 1763 et
786 1699 983 1763 mandatum
996 1710 1047 1763 est
1059 1699 1168 1764 eidem
1182 1699 1431 1764 Archidiacono
1441 1712 1488 1778 ut,
1500 1712 1561 1765 etc.

308 1891 448 1960 [Wllians
471 1893 504 1946 de
526 1893 608 1958 Dun',
631 1893 800 1954 snb-deam,
813 1895 963 1962 presented
980 1893 1013 1963 by
1029 1895 1075 1947 the
1091 1895 1178 1949 Prior
1192 1895 1228 1964 os
1240 1895 1287 1949 the
1308 1895 1444 1964 Hospita!
1458 1897 1494 1965 os
1509 1897 1571 1965 [St

366 1975 446 2041 Joltn
453 1977 490 2044 of
491 1978 503 2043 ]
507 1976 673 2043 Jerusalem,
686 1977 867 2030 tsinstitnted
874 1980 983 2045 parson
994 1977 1030 2046 of
1040 1977 1198 2047 Westwetl.]

394 2094 872 2180 WESTIWELLE.-Magister
901 2097 1090 2162 Willelmus
1120 2097 1163 2161 de
1203 2097 1300 2175 Dun’,
1330 2098 1562 2177 subdiaconus,

306 2208 516 2281 presentatus
555 2220 613 2282 per
653 2200 798 2264 Priorem
836 2200 1023 2284 Hospitalis
1060 2200 1244 2283 Jerusalem
1283 2203 1316 2264 in
1356 2202 1482 2286 Anglia
1519 2203 1561 2267 ad

306 2300 480 2365 ecclesiam
507 2301 550 2366 de
575 2302 763 2380 Westwell’,
787 2303 875 2368 facta
897 2305 988 2388 prius
1011 2304 1228 2387 inquisitione
1244 2325 1302 2388 per
1319 2305 1370 2382 A,
1387 2305 1562 2370 Archidia-

306 2425 428 2469 conum
453 2405 566 2471 Oxon’
589 2428 648 2490 per
670 2428 781 2490 quam,
803 2417 873 2486 etc,
897 2408 940 2472 ad
965 2407 1108 2472 eandem
1135 2406 1302 2472 admissus
1325 2419 1386 2486 est,
1408 2420 1469 2473 etc
1516 2410 1562 2474 Et

308 2508 493 2591 injunctum
509 2519 561 2574 est
576 2509 685 2574 eidem
703 2510 952 2575 Archidiacono
968 2512 1112 2594 presenti
1129 2521 1175 2588 ut,
1190 2522 1251 2576 etc.

307 2728 452 2798 [lt'ichdas
468 2729 501 2782 de
516 2729 678 2794 Wrocstane.
691 2731 858 2795 neb-deacon
866 2732 1015 2799 presented
1028 2731 1061 2800 by
1072 2732 1199 2785 Michast
1208 2731 1291 2796 Belet,
1309 2731 1342 2800 by
1357 2748 1454 2786 reason
1471 2733 1507 2801 os
1517 2733 1562 2786 tite

371 2811 516 2880 wardsleip
533 2813 568 2881 os
579 2813 625 2866 tlte
643 2813 714 2866 land
721 2813 783 2866 and
791 2813 854 2867 heir
862 2815 897 2882 os
903 2814 999 2882 Rnlplt
1015 2813 1049 2868 de
1066 2814 1240 2883 Brongleton,
1259 2815 1284 2867 is
1300 2815 1447 2868 instituted
1454 2819 1562 2883 parson

272 2891 278 2905 ‘
370 2894 406 2962 of
412 2893 585 2962 Brougtetun.
599 2910 669 2948 near
677 2894 830 2964 Banbuey]

395 3013 823 3077 BROCTON'.—Nicholaus
846 3013 889 3077 de
915 3014 1160 3099 Wrocst[ane],
1180 3014 1413 3092 subdiaconus,
1430 3036 1562 3098 presen-

307 3126 398 3181 tatus
422 3137 482 3200 per
507 3118 702 3199 magistrum
730 3117 930 3183 Michaelem
958 3119 1054 3184 Belet
1079 3121 1208 3184 ratione
1238 3119 1389 3183 custodie
1416 3131 1502 3184 terre
1527 3130 1563 3185 et

307 3219 438 3284 heredis
462 3219 596 3284 Radulfi
612 3220 655 3285 de
679 3222 834 3286 Brocton'
850 3221 893 3285 ad
916 3223 1091 3287 ecclesiam
1115 3222 1158 3287 de
1182 3224 1345 3300 Brocton',
1361 3223 1448 3288 facta
1471 3224 1562 3306 prius

307 3324 519 3406 inquisitione
532 3345 590 3407 per
600 3325 651 3402 A,
662 3324 945 3389 Archidiaconum
959 3325 1081 3404 Oxon',
1091 3348 1150 3409 per
1165 3345 1275 3410 quam,
1285 3337 1356 3403 etc,
1366 3326 1409 3391 ad
1418 3325 1560 3392 eandem

307 3426 473 3490 admissus
487 3436 548 3505 est,
563 3438 623 3492 etc.
672 3428 717 3492 Et
732 3427 919 3509 injunctum
942 3440 994 3494 est
1016 3429 1126 3494 eidem
1144 3430 1394 3494 Archidiacono
1415 3432 1561 3514 presenti

307 3540 353 3608 ut,
368 3540 430 3596 etc.

393 3720 462 3805 [On
478 3721 531 3785 tite
545 3722 637 3786 dorse
649 3721 715 3806 :—]

307 3855 412 3923 [isabel
419 3855 454 3908 de
464 3854 584 3918 Henred,
598 3855 710 3924 having
720 3856 784 3910 been
795 3857 896 3912 elected
905 3858 1030 3912 Pn'oress
1040 3859 1228 3927 osSandford
1234 3858 1427 3928 (Littlemore)‚
1442 3860 1563 3913 Thomas

370 3939 404 3992 de
415 3937 567 4007 &redford
580 3938 742 4007 thepatrorn
756 3939 867 4008 having
877 3942 937 3994 also
945 3943 1036 4008 given
1047 3941 1092 3994 leis
1102 3947 1220 4006 consent,
1232 3943 1257 3996 is
1268 3942 1431 4011 instituted]

395 4058 831 4124 LITTLEMORE.-lsabela
861 4060 903 4124 de
936 4059 1084 4137 Henred,
1108 4062 1262 4125 monialis
1291 4063 1334 4126 de
1364 4061 1561 4140 Saumford’,

306 4163 413 4227 electa
443 4183 501 4245 per
530 4173 731 4227 conventum
762 4163 913 4246 ejusdem
946 4165 1008 4228 loci
1039 4166 1249 4230 concorditer
1277 4177 1311 4230 et
1338 4167 1497 4230 canonice
1528 4166 1560 4229 in

307 4266 500 4330 Priorissam
517 4267 559 4330 de
576 4266 774 4345 Saumsord¹,
790 4268 878 4331 sacta
894 4268 986 4350 prius
1007 4269 1223 4352 inquisitione
1246 4292 1304 4353 per
1321 4271 1370 4348 R,
1388 4269 1561 4334 Archidia-

307 4391 429 4435 conum
458 4369 637 4434 Leicestrie
663 4381 696 4435 et
726 4371 768 4435 H.
794 4372 941 4436 Priorem
966 4371 1112 4453 Osneye,
1128 4373 1375 4438 Archidiacono
1398 4373 1511 4439 Oxon'
1527 4372 1561 4436 in

308 4475 444 4539 remotis
460 4483 539 4538 tunc
555 4485 685 4557 agente,
700 4486 736 4540 et
751 4476 885 4540 Thoma
899 4476 943 4540 de
966 4477 1155 4542 Saumiord’
1172 4489 1315 4562 patrono
1339 4499 1436 4543 suum
1459 4477 1502 4542 ad
1527 4476 1559 4541 id

307 4578 489 4644 adhibente
515 4598 723 4657 consensum,
738 4600 798 4662 per
820 4600 894 4662 que,
917 4591 988 4658 etc,
1013 4581 1161 4646 admissa
1187 4594 1238 4647 est
1272 4594 1307 4647 et
1333 4583 1563 4666 sollempniter

308 4684 469 4760 instituta,
484 4693 519 4747 et
535 4683 730 4748 mandatum
747 4695 799 4748 est
815 4685 1064 4749 Archidiacono
1080 4687 1193 4752 Oxon'
1206 4688 1296 4770 quod
1312 4689 1399 4752 circa
1415 4687 1561 4751 installa-

308 4790 434 4852 tionem
460 4787 562 4870 ipsius
586 4787 676 4870 quod
702 4808 798 4852 suum
823 4798 875 4852 est
900 4800 1097 4871 exequatur,
1116 4790 1295 4875 injungens
1319 4793 1497 4857 conventui
1527 4801 1561 4856 et

307 4891 381 4955 aliis
405 4889 555 4972 ejusdem
579 4889 699 4954 domus
722 4891 813 4975 quod
837 4892 899 4974 ipsi
926 4893 959 4969 1,
979 4902 1140 4976 tanquam
1169 4895 1328 4960 Priorisse
1346 4916 1415 4974 sue,
1437 4897 1504 4959 sint
1526 4896 1560 4958 in

308 5006 477 5079 posterum
495 4994 707 5060 intendentes
722 5005 757 5060 et
772 4995 975 5061 obedientes
