3609 5642
653 579 829 676 Episcopi
853 578 1138 652 Lincolnz'ensz's.
1481 603 1522 671 13

267 824 431 907 Garinges
462 821 506 886 ad
537 830 732 905 perpetuam
764 820 920 883 vicariam
952 819 1090 883 ecclesie
1118 819 1161 883 de
1187 819 1421 896 crawemerse,
1437 820 1526 884 sacta

266 929 358 1012 prius
383 927 597 1010 inquisitione
623 945 681 1007 per
706 923 757 1000 A,
787 922 1071 986 Archidiaconum
1100 922 1213 987 Oxon'
1236 944 1295 1005 per
1321 943 1432 1006 quam,
1455 935 1526 1002 etc,

266 1033 432 1096 admissus
447 1039 499 1094 est
514 1039 548 1093 et
564 1029 597 1092 in
613 1049 653 1091 ea
666 1029 807 1092 vicarius
825 1027 1199 1115 perpetuusflinstitutus,
1211 1027 1303 1091 salva
1314 1028 1524 1093 ordinatione

265 1137 393 1201 domini
412 1135 571 1218 Episcopi
589 1155 688 1217 super
702 1133 821 1203 eadem
838 1133 961 1196 vicaria
979 1132 1007 1194 si
1026 1131 1211 1195 secundum
1229 1132 1405 1196 facultates
1421 1133 1525 1217 ipsius

265 1243 405 1306 ecclesie
440 1240 538 1303 suerit
567 1237 825 1321 augmentanda.
886 1238 933 1300 Et
972 1235 1169 1300 mandatum
1201 1246 1253 1300 est
1284 1236 1375 1301 dicto
1406 1237 1524 1302 Archi-

265 1347 417 1422 diacon0,
432 1355 493 1408 etc.
540 1343 702 1408 Consistit
725 1352 836 1406 autem
861 1342 952 1406 dicta
968 1341 1088 1405 vicaria
1110 1342 1143 1404 in
1167 1351 1240 1404 toto
1256 1341 1417 1426 alteragio
1432 1353 1466 1407 et
1489 1344 1522 1406 in

265 1451 404 1515 decimis
420 1449 537 1513 decem
553 1467 704 1510 acrarum
721 1466 797 1510 cum
815 1464 941 1508 manso.

360 1579 417 1664 [In
433 1578 486 1642 tlte
501 1577 632 1660 margin
643 1576 713 1659 .·-]
735 1576 813 1639 Non
830 1575 992 1640 habemus
1009 1576 1135 1638 litteras
1152 1575 1417 1656 presentationis

264 1805 368 1876 [Hugh
384 1806 418 1859 de
434 1804 567 1865 Hintone‚
584 1802 723 1871 chaplain,
736 1803 886 1870 presented
899 1803 933 1871 by
949 1801 996 1855 the
1011 1801 1114 1854 Abbess
1131 1801 1168 1869 of
1182 1801 1321 1863 Godstew,
1338 1804 1365 1855 is
1379 1803 1528 1858 instituted

324 1892 432 1956 parson
449 1887 485 1957 os
491 1887 660 1954 Easington.
699 1884 757 1937 The
768 1884 850 1953 abbey
861 1884 914 1937 tras
924 1901 942 1936 a
948 1885 1069 1952 pensiori
1080 1885 1117 1952 of
1123 1888 1181 1936 two
1192 1884 1289 1938 marks
1299 1901 1317 1937 a
1322 1885 1414 1954 year]

354 2003 741 2071 ESINDONE.--Octavo
768 2003 900 2067 decimo
929 2002 1103 2066 Kalendas
1131 2002 1337 2081 Decembris,
1356 2003 1459 2088 Hugo
1482 2005 1525 2068 de

267 2113 427 2187 Hintone‚
450 2111 675 2194 cappellanus
698 2119 908 2192 presentatus
932 2129 991 2191 per
1015 2107 1232 2171 Abbatissam
1255 2119 1290 2172 et
1319 2120 1521 2173 conventum

263 2217 307 2281 de
324 2215 505 2281 Godestow
517 2215 560 2278 ad
576 2215 751 2278 ecclesiam
767 2214 811 2277 de
828 2213 1010 2289 Esindone,
1023 2213 1112 2276 sacta
1127 2215 1219 2295 prius
1235 2214 1450 2296 inquisitione
1466 2236 1525 2298 per

265 2319 549 2384 Archidiaconum
568 2318 681 2383 Oxon'
692 2339 750 2401 per
762 2337 872 2400 quam,
887 2327 959 2393 etc,
970 2317 1136 2380 admissus
1151 2326 1250 2380 estet
1266 2318 1299 2380 in
1312 2337 1352 2382 ea
1363 2319 1523 2383 canonice

264 2443 408 2507 persona
431 2424 602 2487 institutus
625 2442 701 2485 cum
726 2442 826 2485 onere
851 2420 1066 2484 residentiam
1091 2420 1243 2496 faciendi,
1260 2423 1339 2485 etei
1357 2423 1391 2484 in
1407 2423 1524 2487 ordine

263 2527 462 2591 sacerdotali
484 2527 517 2589 in
543 2527 675 2609 propria
699 2545 841 2608 persona
864 2523 1082 2602 deserviendi,
1101 2523 1201 2587 salvis
1224 2523 1323 2588 dictis
1340 2524 1523 2591 Abbatisse

262 2643 298 2696 et
312 2632 492 2696 conventui
508 2630 639 2694 duabus
655 2630 774 2693 marcis
789 2630 909 2692 annuis
925 2649 984 2711 per
1001 2648 1137 2691 manum
1163 2629 1266 2710 ipsius
1281 2631 1337 2712 qui
1362 2651 1422 2712 pro
1438 2641 1521 2695 tem-

263 2756 344 2819 pore
367 2735 465 2799 suerit
492 2735 525 2798 in
548 2755 589 2798 ea
611 2755 762 2817 persona,
779 2733 914 2797 nomine
937 2733 1090 2815 perpetui
1114 2730 1275 2809 beneficii,
1292 2734 1521 2817 percipiendis

265 2839 311 2904 Et
327 2838 524 2904 mandatum
540 2850 592 2903 est
608 2837 865 2913 Archidiacono,
880 2845 942 2899 etc.

261 3064 368 3134 [Roger
376 3064 410 3118 de
420 3063 558 3124 Arderne,
570 3063 678 3131 acoljrte,
685 3061 834 3131 presented
843 3061 876 3132 by
892 3061 1014 3115 Thomas
1024 3061 1058 3114 de
1069 3060 1204 3125 Arderne,
1219 3063 1329 3132 knight,
1341 3065 1368 3118 is
1378 3066 1525 3120 instituted
1575 3069 1577 3078 '

324 3150 431 3214 parson
441 3147 477 3215 os
484 3145 619 3214 Drayton,
632 3162 704 3199 near
712 3145 852 3212 Banbury.
887 3143 934 3197 He
949 3145 975 3196 is
985 3150 1019 3228 'to
1035 3143 1134 3197 attend
1147 3144 1193 3196 the
1208 3145 1321 3210 schoots,
1341 3147 1404 3201 and
1419 3148 1480 3201 also
1495 3155 1523 3202 to

327 3230 357 3283 he
373 3228 509 3283 ordained
516 3228 680 3282 neb-deacon
692 3229 776 3281 when
787 3226 833 3280 the
844 3227 954 3295 Bishep
965 3226 1147 3295 normands]

352 3364 741 3447 DRAITONE.—Quarto
765 3363 899 3428 decimo
924 3363 1097 3427 Kalendas
1121 3363 1327 3441 Decembris,
1344 3365 1521 3450 Roggerus

263 3471 307 3535 de
338 3469 500 3546 Arderne,
531 3469 700 3545 accolitus,
731 3477 943 3550 presentatus
974 3487 1033 3549 per
1070 3466 1238 3530 Thomam
1276 3467 1319 3532 de
1358 3468 1522 3549 Arderne,

266 3575 415 3650 militem,
440 3573 483 3637 ad
510 3572 685 3636 ecclesiam
711 3571 755 3635 de
780 3571 953 3646 Draitone,
980 3570 1070 3633 sacta
1096 3571 1186 3652 prius
1213 3572 1438 3654 inquisitione,
1463 3596 1522 3658 per

264 3699 376 3762 quam,
391 3689 461 3753 etc,
478 3676 644 3740 admissus
659 3686 711 3740 est
733 3684 767 3739 et
791 3677 822 3738 in
847 3695 887 3738 ea
911 3675 1071 3738 canonice
1093 3695 1236 3757 persona
1260 3677 1431 3742 institutus
1443 3701 1451 3758 ;
1476 3681 1523 3744 ita

264 3794 378 3846 tamen
405 3780 497 3863 quod
528 3779 635 3843 scolas
665 3779 854 3860 frequentet
878 3789 913 3843 et
937 3779 971 3840 in
995 3779 1043 3841 eis
1070 3778 1244 3855 addiscat;
1277 3781 1367 3862 quod
1394 3783 1421 3845 si
1452 3803 1519 3847 non

265 3887 387 3962 iecerit,
417 3883 580 3948 beneficio
610 3905 671 3947 suo
706 3884 896 3966 privabitur.
953 3882 1078 3946 Veniet
1106 3883 1208 3946 etiam
1239 3883 1282 3946 ad
1322 3886 1518 3951 mandatum

264 3990 391 4055 domini
410 3989 570 4072 Episcopi
586 3989 619 4052 in
637 3987 879 4052 subdiaconum
898 3986 1112 4050 ordinandus

263 4207 379 4277 [Joseptr
394 4208 428 4261 de
444 4204 614 4269 Farnhame,
633 4205 770 4274 chaptain,
784 4205 936 4274 presented
948 4206 982 4273 by
997 4205 1044 4259 ttre
1059 4206 1148 4274 King,
1166 4210 1192 4259 ts
1207 4208 1357 4262 instituted
1363 4212 1475 4276 parson
1491 4210 1527 4278 os

328 4288 513 4358 Stomsfield]

352 4407 804 4492 STONTESFELD.—Joseph
830 4407 873 4472 de
905 4407 1102 4485 Farnhame,
1132 4409 1357 4492 cappellanus,
1388 4431 1520 4494 presen-

264 4525 355 4579 tatus
370 4515 473 4578 tercio
487 4513 660 4576 Kalendas
673 4513 870 4576 Decembris
884 4533 943 4594 per
954 4511 1127 4575 dominum
1147 4513 1275 4594 Regem
1289 4513 1331 4577 ad
1344 4515 1518 4578 ecclesiam

264 4619 307 4684 de
323 4617 539 4694 Stontesseld,
554 4617 643 4681 sacta
667 4617 757 4699 prius
780 4615 994 4698 inquisitione
1018 4637 1077 4698 per
1096 4615 1380 4682 Archidiaconum
1398 4618 1521 4696 Oxon',

264 4733 335 4800 etc,
349 4721 516 4786 admissus
531 4731 583 4784 est
605 4730 639 4784 et
662 4721 696 4784 in
719 4741 759 4784 ea
782 4719 942 4783 canonice
965 4740 1108 4801 persona
1131 4721 1304 4785 institutus
1327 4742 1402 4785 cum
1420 4743 1520 4788 onere

265 4827 480 4891 residenciam
507 4823 649 4889 faciendi
673 4826 706 4888 in
730 4824 858 4901 eadem,
881 4834 915 4888 et
938 4823 1047 4887 eidem
1072 4825 1106 4886 in
1128 4823 1239 4888 officio
1263 4825 1461 4891 sacerdotali
1485 4829 1518 4891 in

265 4932 398 5015 propria
414 4950 556 5013 persona
570 4928 788 4993 deserviendi.
834 4929 880 4992 Et
896 4927 1093 4991 mandatum
1105 4937 1157 4992 est
1168 4928 1259 4992 dicto
1271 4929 1519 4996 Archidiacono

264 5035 353 5119 quod
370 5032 552 5098 secundam
569 5032 710 5097 sormam
727 5033 933 5115 premissam,
947 5042 1008 5096 etc.
