3609 5642
614 571 792 668 Epz'scopi
816 571 1099 645 Lincolniensis.
1442 597 1484 665 19

226 811 379 876 ordinate
402 832 461 896 per
485 811 701 894 Episcopum,
723 811 870 894 ipsorum
895 810 1135 874 interveniente
1157 831 1330 888 consensu,
1353 814 1484 894 provise

226 926 304 980 sunt
328 917 447 981 vicarie
470 917 503 979 in
527 915 615 979 hunc
639 914 787 992 modum,
802 914 957 979 videlicet
972 915 1062 997 quod
1079 916 1218 978 vicarius
1241 918 1483 999 presentandus

226 1040 286 1103 per
300 1019 437 1086 eosdem
453 1030 488 1084 et
503 1019 546 1083 ab
559 1020 729 1104 Episcopo
745 1019 970 1083 instituendus
985 1019 1122 1084 habebit
1138 1021 1273 1084 nomine
1288 1021 1408 1086 vicarie
1423 1043 1482 1086 sue

226 1123 268 1188 ad
299 1124 457 1188 vestitum
495 1145 593 1187 suum
624 1121 708 1186 duas
746 1142 875 1186 marcas
913 1142 973 1206 per
989 1178 991 1182 .
1007 1143 1144 1212 annum.
1193 1123 1342 1188 Habebit
1379 1125 1479 1188 etiam

226 1226 410 1292 secundum
442 1227 589 1310 legatum
615 1226 657 1290 ad
683 1226 868 1290 valenciam
894 1225 956 1289 vid.
983 1236 1017 1290 et
1044 1213 1134 1308 quod
1162 1227 1249 1290 ultra
1275 1227 1373 1292 suerit
1397 1230 1482 1293 inter

225 1330 363 1395 eosdem
390 1329 627 1395 dimidiabitur.
676 1329 826 1394 Habebit
849 1330 952 1394 etiam
976 1329 1019 1393 de
1049 1329 1274 1394 oblationibus
1304 1329 1347 1394 ad
1378 1331 1481 1397 altare

227 1434 498 1520 provenientibus
524 1455 627 1498 unum
652 1434 826 1500 denarium
853 1433 1066 1519 missal[em],
1084 1435 1243 1517 quociens
1267 1436 1482 1501 celebraverit

225 1551 259 1604 et
289 1539 445 1604 denarius
478 1539 676 1622 provenerit,
705 1549 740 1602 et
769 1539 927 1620 quicquid
966 1559 1011 1603 ex
1049 1538 1227 1604 devotione
1264 1538 1413 1604 fidelium
1450 1541 1480 1605 e'

225 1643 466 1708 rationabiliter
489 1644 586 1708 fuerit
602 1644 769 1709 collatum.
819 1644 969 1709 Habebit
991 1645 1092 1709 etiam
1109 1643 1328 1708 sufficientem
1351 1646 1481 1709 exhibi-

225 1749 361 1823 tionem,
377 1747 462 1811 sicut
477 1749 665 1824 canonicus,
681 1747 792 1830 quoad
808 1747 965 1812 victualia
985 1749 1018 1811 in
1035 1768 1151 1812 mensa
1165 1749 1400 1812 canonicorum
1425 1748 1481 1813 ubi

225 1852 377 1916 canonici
402 1872 530 1916 moram
554 1852 685 1916 sacient.
731 1851 892 1916 Canonici
916 1872 996 1916 vero
1025 1853 1056 1916 ei
1084 1852 1239 1916 clericum
1265 1852 1422 1916 idoneum
1448 1864 1483 1918 et

224 1954 298 2037 ejus
334 1955 495 2038 obsequio
532 1966 566 2020 et
602 1955 741 2020 ecclesie
785 1956 968 2021 ministerio
1005 1955 1165 2020 devotum
1211 1956 1389 2033 invenient,
1424 1958 1482 2040 qui

222 2058 450 2141 juramentum
481 2058 652 2124 fidelitatis
681 2070 715 2124 et
745 2058 933 2123 devotionis
963 2059 1026 2142 ipsi
1058 2059 1256 2143 cappellano
1295 2070 1339 2124 ut.
1360 2061 1483 2125 vicario

226 2153 397 2246 prestabit,
420 2163 512 2227 salva
535 2162 601 2228 fide
624 2165 771 2246 ipsorum
795 2163 1042 2240 canonicorum,
1066 2174 1101 2227 et
1129 2163 1217 2227 idem
1240 2165 1390 2228 canonici
1420 2164 1482 2247 ipsi

225 2267 349 2331 vicario
378 2254 529 2331 similiter
555 2267 745 2350 garcionem
773 2267 953 2344 invenient,
977 2265 1050 2348 ejus
1076 2266 1237 2350 obsequio
1260 2267 1483 2350 deputatum3

153 2403 168 2431 s
225 2390 310 2452 quos
337 2369 399 2453 ipsi
420 2370 453 2433 in
473 2369 629 2433 omnibus
649 2370 717 2433 suis
736 2370 895 2452 expensis
914 2369 1147 2452 procurabunt
1194 2369 1262 2434 Ubi
1283 2381 1394 2435 autem
1415 2391 1482 2435 non

225 2474 352 2538 habent
388 2474 567 2537 canonicos
601 2473 792 2550 residentes,
822 2473 969 2550 clericus
998 2474 1055 2555 qui
1092 2483 1130 2537 ut
1167 2474 1395 2556 supradictum
1432 2458 1484 2539 est

226 2578 386 2661 expensis
423 2577 659 2640 canonicorum
697 2575 937 2659 procurabitur,
974 2575 1101 2640 clavem
1140 2575 1267 2641 deferet
1312 2578 1345 2641 in
1380 2579 1483 2642 domo

225 2682 461 2745 canonicorum
483 2690 518 2745 et
541 2701 654 2743 curam
682 2679 818 2744 habebit
842 2679 991 2757 liberam,
1014 2689 1052 2743 ut
1078 2701 1137 2763 per
1163 2681 1272 2763 ipsum
1298 2674 1482 2764 presbitero

224 2785 428 2850 sufficienter
457 2795 491 2850 et
522 2782 703 2848 honorifice
733 2784 766 2846 in
798 2783 998 2847 victualibus
1030 2786 1217 2848 necessaria
1247 2786 1482 2850 ministrentur.

226 2889 387 2955 Canonici
404 2887 539 2972 quidem
556 2888 666 2952 eidem
688 2887 885 2971 cappellano
908 2907 1031 2970 equum
1054 2888 1225 2952 invenient
1240 2890 1398 2971 quociens
1422 2909 1483 2973 pro

226 2992 369 3076 negotiis
384 3013 500 3057 eorum
516 3001 551 3056 et
566 2990 704 3055 ecclesie
719 2990 817 3054 suerit
832 2989 1041 3072 profecturus
1063 2999 1133 3054 tam
1155 2990 1198 3054 ad
1219 2992 1367 3075 capitula
1381 3012 1482 3074 quam

225 3095 269 3160 ad
293 3095 359 3160 alia
385 3095 479 3159 loca:
501 3104 535 3159 et
559 3095 622 3177 ipsi
647 3094 798 3157 canonici
829 3094 944 3157 omnia
966 3112 1068 3158 onera
1092 3096 1238 3177 ipsarum
1269 3096 1483 3160 ecclesiarum

226 3199 452 3264 sustinebunt.

224 3434 496 3586 [Hmsyb'blzpllaiu’
503 3433 654 3584 precem
661 3433 695 3503 by
705 3433 750 3488 the
761 3433 851 3488 Abtot
859 3433 921 3488 and
932 3433 1042 3487 Canens
1051 3435 1088 3502 os
1095 3433 1205 3503 Osemy,
1215 3435 1240 3487 is
1251 3435 1398 3492 aarum
1405 3437 1487 3490 νέων

291 3533 308 3571 o
410 3521 423 3569 t
447 3521 502 3570 ton.

314 3653 798 3736 CESTRETONA.-Henricus,
814 3653 1038 3736 cappellanus,
1050 3662 1261 3737 presentatus
1276 3674 1336 3738 per
1346 3654 1483 3719 eosdem

225 3757 269 3822 ad
294 3767 489 3841 perpetuam
515 3757 673 3821 vicariam
700 3756 838 3820 ecclesie
864 3756 908 3821 de
932 3755 1099 3820 Ceterton’
1130 3755 1205 3840 [sic]
1234 3756 1422 3824 ordinatam
1448 3769 1484 3823 ut

225 3881 336 3945 supra,
365 3861 408 3925 ad
438 3860 580 3926 eandem
611 3861 777 3925 admissus
806 3869 867 3937 est,
891 3870 926 3924 et
956 3861 989 3924 in
1020 3881 1060 3925 ea
1089 3881 1164 3924 curn
1197 3881 1296 3925 onere
1326 3872 1360 3926 et
1397 3881 1485 3945 pena

225 3965 423 4029 vicariorum
455 3964 595 4028 vicarius
625 3974 806 4048 perpetuus
837 3965 1017 4028 institutus,
1064 3963 1110 4028 Et
1139 3963 1328 4045 injunctum
1358 3975 1409 4029 est
1432 3965 1484 4043 A,

229 4068 478 4134 Archidiacono
493 4069 639 4152 presenti
656 4078 702 4145 ut,
717 4078 778 4132 etc.

225 4289 369 4359 [Michael
381 4288 519 4357 chaplazv,
524 4288 674 4357 prmented
681 4287 715 4358 by
725 4287 770 4342 the
780 4288 872 4346 Abbor
879 4289 941 4342 and
951 4288 1064 4343 Canens
1073 4289 1109 4358 os
1117 4289 1226 4358 Oseney,
1235 4291 1260 4342 ir
1269 4289 1484 4359 immutaver-

286 4371 388 4440 pena!
397 4371 478 4425 vicar
486 4373 518 4439 os
533 4371 573 4426 st.
587 4369 673 4440 Mary
684 4369 864 4440 Magdaleue,
878 4370 1006 4440 uam]

316 4506 498 4584 MAGDAL’,
537 4504 869 4585 oront-Michera,
907 4507 1132 4591 cappellanus,
1169 4518 1380 4591 presentatus
1424 4528 1484 4591 per

224 4610 361 4676 eosdem
382 4608 426 4673 ad
450 4619 645 4694 perpetuam
666 4610 822 4674 vicariam
846 4610 983 4675 ecclesie
1005 4611 1128 4677 Sancte
1150 4612 1256 4676 Marie
1282 4611 1484 4695 Magdalene

225 4715 269 4779 de
300 4712 422 4791 Oxon’,
452 4713 640 4777 ordinatam
671 4723 709 4778 ut
738 4734 848 4797 supra,
870 4715 933 4778 nisi
958 4716 1054 4779 aliter
1076 4715 1162 4780 inter
1185 4716 1295 4798 ipsum
1318 4724 1353 4780 et
1375 4715 1483 4780 dictos

226 4817 405 4882 canonicos
421 4818 622 4894 convenerit,
638 4817 680 4881 ad
697 4817 841 4882 eandem
858 4817 1024 4882 admissus
1039 4829 1099 4896 est,
1114 4829 1149 4883 et
1171 4819 1205 4883 in
1226 4840 1267 4884 ea
1287 4839 1363 4883 cum
1382 4839 1483 4883 onere

226 4933 261 4988 et
276 4941 364 5006 pena
379 4921 576 4986 vicariorum
593 4921 735 4986 vicarius
751 4930 931 5006 perpetuus
946 4923 1126 4988 institutus.
1173 4923 1219 4989 Et
1234 4922 1420 5005 injunctum
1432 4931 1484 4987 est

229 5024 479 5093 Archidiacono
494 5025 640 5112 presenti
656 5035 702 5104 ut,
716 5034 778 5092 etc.

1367 5149 1387 5189 c
1402 5148 1419 5192 a
