3609 5642
349 570 420 643 214
691 542 828 623 Rotuli
849 543 1027 647 Hugoml
1052 542 1095 623 de
1130 544 1262 623 Welles

344 785 417 849 [The
438 786 567 839 collatron
588 786 624 935 op
645 784 766 839 Thomas
786 782 821 837 de
841 784 1000 855 Sandsorde
1021 790 1049 838 to
1071 784 1117 837 tlte
1138 783 1240 838 clareret
1268 784 1305 853 os
1326 782 1481 853 Woodsord
1500 783 1606 845 Halm,-

403 868 516 933 Juney,
529 870 602 918 1226.

432 969 906 1037 WUDEFORDE.-Omnibus
922 980 983 1035 etc.
1031 969 1171 1033 Noverit
1194 968 1392 1031 universitas
1415 978 1527 1032 vestra
1544 988 1604 1031 nos

347 1073 470 1138 dilecto
500 1074 533 1137 in
569 1074 702 1139 Christo
732 1075 800 1140 filio
833 1076 997 1157 Magistro
1028 1073 1161 1137 Thome
1191 1072 1234 1137 de
1271 1071 1445 1149 Saniorde,
1476 1072 1605 1148 clerico,

346 1177 520 1241 ecclesiam
544 1178 586 1241 de
609 1178 815 1243 Wudesorde
837 1178 1036 1242 auctoritate
1059 1176 1199 1241 Concilii
1223 1176 1404 1239 contulisse
1428 1178 1604 1259 Ipsumque

346 1292 417 1358 etc,
432 1281 525 1345 salvo
541 1281 668 1345 Abbati
684 1293 719 1347 et
734 1283 912 1347 conventui
929 1281 971 1346 de
989 1280 1186 1345 Roucestria
1210 1280 1243 1343 in
1267 1290 1438 1362 posterum
1453 1278 1528 1361 jure
1545 1301 1604 1343 suo

347 1386 380 1449 in
397 1385 515 1450 eadem
529 1407 535 1462 ;
551 1385 650 1448 salvis
666 1387 768 1450 etiam
784 1396 845 1451 etc.
892 1384 993 1469 Quod
1018 1395 1054 1448 ut
1077 1396 1138 1449 etc.
1188 1384 1263 1447 Hiis
1280 1384 1430 1461 testibus,
1446 1384 1603 1467 Johanne

346 1500 539 1573 precentore
556 1489 657 1566 Linc',
672 1490 826 1571 Johanne
843 1488 1018 1553 Bedelord'
1034 1498 1068 1552 et
1081 1487 1251 1552 Willelmo
1265 1488 1425 1553 Wellensi
1441 1488 1603 1552 archidia-

345 1595 447 1671 conis,
464 1593 634 1677 Magistris
652 1594 786 1677 Rogero
808 1593 851 1659 de
876 1592 1013 1657 Lackok
1035 1603 1070 1656 et
1095 1592 1277 1656 Amaurico
1300 1592 1343 1655 de
1367 1591 1549 1675 Bugedene
1572 1602 1606 1655 et

349 1697 520 1762 Willelmo
543 1696 586 1761 de
609 1697 883 1776 Winchecumbe,
905 1696 1074 1761 canonIcis
1107 1696 1408 1773 LincolniensibuS‚
1434 1696 1606 1779 Magistris

348 1801 518 1865 Willelmo
540 1803 583 1866 de
608 1802 867 1885 Beningwurthe
889 1812 923 1865 et
949 1802 1095 1866 Ricardo
1114 1802 1157 1865 de
1181 1802 1310 1877 Cantia,
1334 1800 1549 1883 cappellanis,
1572 1810 1605 1865 et

349 1906 512 1990 Magistro
542 1906 693 1971 Waltero
722 1907 765 1972 de
796 1908 953 1983 Crumba,
984 1905 1136 1971 Galsrido
1166 1905 1209 1969 de
1242 1905 1357 1983 Moris
1388 1904 1535 1969 Ricardo
1565 1904 1606 1969 de

348 2009 495 2087 Oxonia,
512 2010 671 2094 Philippo
686 2012 729 2076 de
747 2012 970 2096 Langeporte,
988 2011 1137 2074 Roberto
1160 2010 1204 2073 de
1220 2008 1380 2073 Aketone
1402 2018 1436 2073 et
1450 2008 1605 2091 Johanne

347 2114 390 2177 de
421 2114 617 2192 Bannebire,
643 2115 778 2180 clericis.
825 2118 916 2181 Data
939 2138 998 2200 per
1025 2137 1162 2180 manum
1192 2114 1325 2179 Radulfi
1349 2114 1393 2179 de
1417 2113 1607 2188 Waraville‚

347 2220 498 2282 canonici
517 2219 768 2299 Lincolniensis,
783 2220 873 2304 apud
899 2220 1095 2297 Bannebire,
1111 2221 1255 2303 septimo
1272 2220 1345 2283 idus
1362 2218 1451 2301 Junii
1473 2216 1607 2301 pontifi-

348 2332 443 2385 catus
459 2324 562 2385 nostri
579 2344 668 2387 anno
683 2324 816 2389 decimo
832 2325 985 2407 septimo.

908 2498 1037 2509 .—

348 2593 421 2661 [Tke
432 2594 589 2745 instalutiqu
600 2594 715 2664 osJolm
726 2595 760 2649 ris
770 2596 892 2661 Ernesh’
899 2602 927 2649 to
935 2596 980 2651 tlte
989 2596 1119 2665 oicarage
1128 2596 1163 2665 os
1169 2594 1266 2649 Earls
1273 2594 1389 2653 Borion,
1391 2593 1470 2659 June
1478 2612 1518 2655 22.
1530 2600 1611 2655 mm·
1650 2581 1657 2593 ⁶

413 2692 455 2728 scc
460 2678 492 2743 p.
505 2695 559 2728 111.

436 2780 600 2843 VICARIA
627 2794 676 2841 DE
703 2780 1111 2846 BARTONE.-Omnibus
1136 2790 1197 2844 etc.
1245 2780 1384 2843 Noverit
1412 2780 1610 2843 universitas

350 2894 460 2948 vestra
476 2904 537 2947 nos
553 2884 595 2947 ad
613 2886 893 2966 presentationem
914 2884 1047 2948 Radulfi
1064 2884 1107 2947 de
1119 2884 1305 2966 Tynemue,
1316 2904 1456 2965 persone
1471 2884 1611 2949 ecclesie

352 2987 395 3052 de
418 2988 573 3065 Bartone,
596 3009 732 3051 assensu
757 2988 952 3053 dilectarum
978 2988 1118 3051 filiarum
1144 2988 1326 3051 Abbatisse
1348 2996 1382 3050 et
1414 2988 1610 3051 monialium

350 3101 465 3155 sancte
487 3092 593 3155 Marie
614 3091 657 3155 de
678 3092 785 3155 Pratis
804 3103 902 3155 extra
924 3093 952 3155 N
958 3093 1203 3156 orhamtoniam
1226 3101 1440 3174 patronarum
1457 3091 1611 3173 ejusdem

349 3196 598 3272 interveniente,
614 3194 772 3259 dilectum
791 3195 822 3259 in
840 3195 974 3261 Christo
991 3196 1095 3259 filium
1111 3195 1299 3278 johannem
1316 3195 1359 3259 de
1377 3194 1613 3279 Eynesh[am]‚

349 3298 592 3381 cappellanum,
622 3299 665 3362 ad
705 3310 900 3383 perpetuam
940 3301 1043 3383 ipsius
1079 3300 1217 3364 ecclesie
1247 3299 1404 3362 vicariam
1435 3297 1614 3363 admisisse

350 3401 525 3484 ipsumque
542 3402 574 3463 in
591 3422 631 3465 ea
646 3404 805 3466 canonice
821 3403 980 3467 vicariurn
998 3413 1195 3486 perpetuum
1213 3403 1404 3478 instituisse,
1417 3422 1493 3465 cum
1512 3422 1614 3467 onere

350 3505 383 3566 in
403 3504 514 3567 officio
534 3506 730 3569 sacerdotali
752 3507 962 3571 ministrandi
984 3507 1201 3591 personaliter
1221 3507 1253 3569 in
1274 3506 1400 3569 eadem.
1448 3506 1612 3570 Consistit

350 3618 463 3671 autem
487 3610 559 3691 ipsa
584 3610 706 3672 vicaria
729 3611 763 3672 in
788 3621 860 3675 toto
883 3612 1046 3694 altaragio
1065 3610 1216 3693 ejusdem
1237 3610 1375 3674 ecclesie
1394 3629 1470 3672 cum
1492 3630 1612 3673 manso

349 3721 561 3794 competente
591 3723 625 3776 et
663 3723 813 3795 preterea
843 3716 875 3777 in
910 3714 1042 3779 redditu
1074 3716 1170 3778 unius
1202 3734 1312 3777 marce
1342 3712 1482 3795 singulis
1514 3714 1611 3776 annis

350 3816 539 3898 recipiendo
555 3816 598 3879 de
614 3816 744 3881 redditu
765 3840 865 3901 quem
887 3820 1005 3884 Simon
1026 3820 1068 3883 de
1090 3818 1302 3882 Lawendene
1321 3816 1422 3881 debet
1442 3837 1503 3899 pro
1525 3830 1611 3881 terra

350 3940 450 4002 quam
468 3929 559 3983 tenet
575 3942 582 3997 ;
606 3920 705 3984 salvis
721 3932 781 3985 etc.
819 3922 929 4006 ,Quod
947 3933 984 3986 ut
999 3933 1059 3986 etc.
1109 3922 1185 3985 Hiis
1204 3920 1354 3999 testibus
1369 3920 1397 4003 J.
1415 3930 1610 4003 precentore

353 4023 587 4101 Lincolniensi,
611 4025 662 4086 W.
686 4024 920 4089 archidiacono
944 4026 1114 4103 Wellensi,
1137 4036 1171 4089 et
1194 4025 1246 4088 W.
1270 4024 1313 4088 de
1337 4023 1611 4100 Winchecumbe,

350 4127 517 4191 canonicis
543 4128 840 4206 Lincolniensibus,
862 4130 1033 4213 Magistris
1057 4130 1227 4194 Willelmo
1251 4128 1293 4193 de
1317 4128 1554 4211 Benigwurthe
1577 4137 1611 4191 et

351 4230 496 4295 Ricardo
526 4230 569 4295 de
600 4231 723 4303 Oxon'.
752 4233 901 4296 Roberto
931 4234 974 4298 de
1006 4233 1188 4298 Dunholm'
1214 4242 1249 4295 et
1278 4232 1307 4314 J.
1338 4232 1380 4295 de
1413 4230 1611 4307 Bannebire,

350 4335 484 4399 clericis.
549 4334 639 4398 Data
678 4356 735 4418 per
773 4357 910 4400 manum
949 4348 1098 4402 nostram
1137 4336 1227 4419 apud
1267 4335 1556 4419 Emingewurthe,
1587 4357 1609 4399 x

350 4439 511 4505 kalendas
526 4439 615 4521 Julii,
630 4460 720 4503 anno
736 4440 951 4522 pontificatus
964 4442 1068 4504 nostri
1085 4440 1163 4503 xvii.

349 4700 389 4766 [Α
405 4702 549 4769 repetitor:
566 4701 602 4768 os
613 4700 659 4754 tlte
674 4700 802 4769 Bishop's
818 4702 928 4755 clrarter
943 4702 1027 4756 about
1043 4703 1089 4757 the
1107 4700 1208 4755 clturclt
1226 4702 1261 4768 of
1279 4698 1402 4757 Weldon.
1420 4714 1453 4751 as
1465 4699 1525 4766 sar
1542 4714 1575 4751 as
1592 4700 1615 4753 it

416 4782 532 4851 affected
540 4781 586 4835 the
591 4786 697 4849 parson
703 4800 718 4846 ,·
728 4783 801 4852 July
813 4800 852 4849 15.
864 4786 951 4851 mn]

440 4887 570 4952 Cnnm
601 4900 772 4950 pensons
804 4900 854 4949 uu
887 4883 1335 4951 WELuuouue-Omnibus
1362 4892 1423 4947 etc.
1472 4882 1612 4947 Noverit

353 4991 551 5056 universitas
572 5000 681 5055 vestra
703 4990 794 5073 quod
814 5012 875 5053 nos
894 5000 956 5054 etc.
977 5000 1014 5054 ut
1033 5010 1134 5075 supra
1155 4992 1187 5055 in
1208 4998 1300 5053 carta
1320 4996 1439 5070 quarta
1458 4986 1611 5069 ejusdem
