3609 5642
638 557 1114 656 Epe'scope'Lr'ncolniensss.
1459 581 1478 629 2
1485 579 1503 650 5

251 794 366 862 [Robert
379 796 414 849 de
431 796 521 859 Teon',
538 794 708 856 snb-deacon,
720 795 870 862 presented
884 794 918 864 oy
934 795 980 848 the
994 794 1084 848 Aboot
1097 793 1159 847 and
1168 793 1340 862 Conventof
1351 794 1506 862 Eynsleom,

317 894 353 930 on
364 879 410 932 tire
420 879 594 948 resignation
605 879 640 947 of
647 878 752 943 Rom
765 879 790 931 is
800 878 948 931 instituted
950 881 1057 946 parson
1068 878 1104 946 of
1109 893 1127 930 o
1138 877 1255 945 nuds'ety
1266 878 1302 946 os
1307 877 1354 930 tlte
1364 877 1465 931 courel»
1476 882 1508 947 os

316 960 418 1014 coner
425 961 572 1030 ΗΜ]

340 1089 527 1152 Hnsuouu’
550 1088 971 1153 Msu1ssns.-Robertus
994 1088 1037 1151 de
1060 1087 1167 1164 Turri,
1182 1087 1417 1164 subdiaconus,
1433 1109 1506 1171 pre·

249 1203 402 1257 sentatus
419 1214 477 1275 per
494 1193 664 1257 Abbatem
681 1202 716 1256 et
730 1203 933 1256 conventum
949 1192 992 1255 de
1010 1191 1212 1273 Eynesham'
1229 1191 1271 1255 ad
1290 1191 1505 1257 medietatem

248 1297 386 1361 ecclesie
401 1298 444 1360 de
463 1296 623 1374 Haiford’,
639 1308 813 1361 vacantem
837 1317 895 1379 per
911 1296 1168 1379 resignationem
1193 1296 1346 1380 Magistri
1368 1296 1506 1360 Roberti

249 1403 283 1464 in
315 1421 433 1465 manus
463 1401 590 1465 domini
622 1401 782 1484 Episcopi
820 1399 1084 1483 Dorkecestr[ie]
1119 1398 1252 1477 factam,
1282 1400 1338 1482 qui
1369 1399 1505 1482 quidem

250 1507 413 1590 Magister
430 1507 537 1589 ipsam
554 1507 711 1589 proximo
727 1516 805 1570 ante
822 1514 983 1582 tenuerat,
999 1505 1088 1568 sacta
1107 1505 1197 1588 prius
1213 1504 1427 1586 inquisitione
1449 1525 1507 1587 per

249 1609 301 1686 A,
319 1609 600 1674 Archidiaconum
618 1610 732 1675 Oxon'
748 1630 933 1693 perquam,
948 1619 1020 1686 etc,
1035 1607 1078 1672 ad
1098 1608 1240 1672 eandem
1264 1609 1430 1672 admissus
1446 1617 1507 1684 est,
1563 1618 1567 1624 “

246 1722 319 1789 etc,
333 1724 368 1777 et
384 1713 570 1795 injunctum
586 1725 638 1778 est
655 1713 901 1777 Archidiacono
917 1713 1063 1795 presenti
1080 1723 1126 1789 ut,
1141 1721 1202 1777 etc.

245 1929 337 1998 [solen
356 1930 391 1984 de
409 1931 544 1990 Comtone.
561 1930 698 2000 choplatn,
714 1931 864 2000 presented
879 1931 912 2000 by
931 1930 976 1983 tlte
991 1930 1079 1983 Prior
1092 1930 1154 1983 aeid
1172 1930 1300 1984 Conveni
1314 1932 1350 2000 os
1365 1931 1505 1995 Wroeton,

312 2012 337 2064 is
351 2013 499 2066 instituted
509 2014 590 2066 vicar
604 2014 640 2082 of
651 2014 782 2068 Wronton
799 2013 868 2066 with
886 2013 931 2066 tlte
948 2011 1078 2081 chapelry
1088 2012 1124 2080 of
1134 2012 1264 2068 Balscott.
1302 2013 1359 2066 The
1375 2015 1507 2081 oreoroge

311 2094 336 2145 is
352 2094 511 2161 described]

333 2222 788 2304 WROGSTAN’.—Johannes
806 2221 849 2286 de
870 2221 1045 2299 Comtone,
1067 2221 1268 2304 capellanus,
1293 2233 1504 2306 presentatus

245 2346 305 2408 per
329 2325 474 2390 Priorem
498 2336 532 2389 et
555 2337 757 2389 conventum
781 2326 823 2389 de
848 2325 1040 2408 Wrogstan'
1063 2325 1105 2389 ad
1129 2336 1325 2408 perpetuam
1347 2327 1504 2390 vicariam

243 2428 382 2492 ecclesie
396 2427 548 2510 ejusdem
566 2429 651 2506 ville,
664 2449 722 2512 per
737 2427 913 2492 dominum
928 2429 1134 2512 Episcopum
1152 2429 1349 2494 auctoritate
1363 2429 1503 2495 Concilii

243 2533 442 2611 ordinatam,
469 2555 545 2598 cum
577 2535 675 2617 plene
706 2544 873 2598 constaret
903 2532 947 2597 de
981 2533 1261 2617 contingentibus,
1287 2533 1331 2598 ad
1361 2535 1503 2608 eandem

244 2636 411 2701 admissus
436 2647 486 2702 est
513 2658 588 2700 cum
620 2658 720 2701 onere
750 2638 959 2714 vicariorum,
988 2647 1049 2702 etc.
1096 2637 1257 2702 Consistit
1287 2648 1400 2702 autem
1432 2639 1505 2722 ipsa

246 2741 369 2804 vicaria
394 2742 426 2804 in
452 2741 582 2805 duabus
603 2741 739 2826 virgatis
771 2751 856 2805 terre
883 2741 926 2804 de
956 2740 1056 2824 hyda,
1082 2761 1184 2824 quam
1211 2741 1334 2818 Adam,
1358 2742 1505 2820 clericus,

245 2846 362 2920 tenuit,
378 2865 492 2909 versus
515 2845 687 2920 orientem,
703 2865 779 2908 cum
804 2843 958 2927 portione
981 2845 1067 2927 prati
1091 2855 1264 2926 spectante
1286 2845 1329 2909 ad
1352 2845 1505 2924 eandem,

243 2969 320 3012 cum
339 2950 509 3032 mesuagio
528 2959 561 3012 et
583 2948 730 3024 edificiis
746 2968 811 3030 que
831 2947 964 3012 fuerunt
987 2947 1193 3031 SampsoniS,
1207 2947 1308 3030 juxta
1329 2951 1503 3014 ecclesiam

244 3073 359 3116 versus
375 3051 593 3128 occidentem,
609 3063 642 3117 et
659 3053 692 3115 in
709 3062 782 3117 toto
799 3051 969 3135 alteragio,
984 3053 1137 3134 exceptis
1154 3052 1291 3116 minutis
1307 3051 1446 3117 decimis
1461 3053 1504 3118 de

244 3156 336 3220 curia
350 3157 595 3220 canonicorum.
642 3156 797 3219 Vicarius
820 3154 959 3218 habebit
975 3155 1186 3238 capellanum
1202 3155 1329 3219 socium
1345 3176 1458 3220 secum
1470 3167 1505 3221 et

244 3260 400 3323 clericum
417 3259 564 3336 idoneos,
580 3261 636 3342 qui
653 3259 845 3341 capellanus
861 3257 985 3322 ibidem
1003 3257 1205 3322 ministrabit
1219 3268 1254 3323 et
1270 3259 1303 3323 in
1320 3259 1448 3342 capella
1461 3260 1505 3325 de

246 3363 408 3427 Belescot'
432 3363 626 3440 successive,
650 3373 684 3426 et
712 3362 858 3426 inveniet
883 3360 971 3425 idem
997 3362 1138 3425 vicarius
1164 3362 1340 3426 luminaria
1370 3384 1504 3448 compe·
1549 3443 1552 3446 ἦ

244 3467 360 3544 tentia,
374 3478 409 3531 et
430 3468 537 3531 solvet
557 3466 727 3531 sinodalia.
774 3467 935 3531 Canonici
958 3487 1037 3530 vero
1060 3467 1173 3530 omnia
1191 3466 1257 3530 alia
1276 3467 1506 3533 emolumenta

244 3571 430 3655 percipient
444 3583 478 3635 et
495 3573 608 3634 omnia
624 3571 688 3634 alia
711 3591 813 3634 onera
832 3570 1053 3646 sustinebunt,
1068 3581 1102 3635 et
1118 3571 1207 3635 valet
1223 3570 1313 3634 dicta
1335 3572 1458 3636 vicaria
1479 3594 1504 3635 x

245 3695 382 3752 marcas,
397 3686 431 3739 et
447 3674 634 3757 injunctum
650 3685 702 3739 est
718 3673 967 3738 Archidiacono
983 3675 1128 3757 presenti
1144 3684 1190 3750 ut,
1205 3683 1266 3738 etc.

244 3877 406 3947 [Reginold
418 3876 557 3945 citoplain
564 3877 713 3944 presented
726 3877 760 3945 by
767 3875 813 3930 tlte
823 3875 953 3943 Pnorof
958 3874 1152 3938 Bradenstoke,
1166 3876 1191 3928 is
1208 3875 1355 3930 instituted
1357 3877 1508 3944 perpetual

310 3958 639 4028 menatenses.
679 3958 735 4011 rie
746 3956 1079 4027 vecamgeoeesmoeon

333 4077 471 4141 NORTH
511 4076 923 4161 ESTON'.-Reginaldus,
960 4076 1162 4160 capellanus
1199 4086 1410 4159 presentatus
1446 4099 1505 4161 per

247 4180 393 4245 Priorem
425 4192 460 4245 et
489 4193 692 4246 conventum
723 4181 765 4246 de
798 4181 993 4245 Bradestok'
1031 4179 1074 4243 ad
1113 4191 1307 4263 perpetuam
1347 4180 1503 4245 vicariam

245 4283 384 4348 ecclesie
421 4283 464 4347 de
503 4284 611 4349 North
652 4286 788 4362 Estone,
826 4285 1025 4349 auctoritate
1057 4284 1197 4348 Concilii
1230 4304 1290 4366 per
1329 4282 1502 4348 dominum

244 4387 450 4471 Episcopum
474 4389 674 4467 ordinatam,
691 4411 767 4454 cum
792 4392 891 4474 plene
915 4397 1083 4453 constaret
1106 4386 1149 4451 de
1164 4386 1445 4470 contingentibus,
1461 4386 1503 4451 ad

242 4490 384 4555 eandem
402 4490 567 4556 admissus
582 4505 632 4557 est
648 4515 723 4557 cum
744 4515 844 4558 (mere
860 4495 1065 4558 vicariorum.
1112 4491 1273 4556 Consistit
1295 4500 1407 4554 autem
1431 4491 1502 4574 ipsa

243 4595 366 4658 vicaria
382 4595 413 4658 in
431 4605 503 4660 toto
525 4596 685 4680 alteragio
709 4609 743 4662 et
767 4599 799 4661 in
823 4618 940 4660 manso
960 4607 995 4660 et
1015 4595 1171 4659 domibus
1195 4592 1438 4676 pertinentibus
1458 4593 1502 4657 ad

242 4697 384 4762 eandem
400 4699 574 4763 ecclesiam
588 4721 663 4764 cum
681 4722 741 4765 sex
758 4701 842 4765 acris
859 4713 944 4764 terre
954 4699 1142 4780 jacentibus
1156 4697 1257 4779 juxta
1269 4695 1456 4762 Caldewell'
1469 4697 1502 4760 in

243 4823 364 4884 campo
380 4802 530 4866 orientali
546 4814 581 4867 et
600 4805 633 4867 in
659 4804 839 4868 medietate
855 4803 1060 4868 decimarum
1077 4801 1120 4865 de
1145 4799 1338 4866 Neterekot'
1353 4800 1396 4864 de
1417 4812 1504 4865 terra

243 4903 402 4967 Willelmi
431 4904 528 4969 Bufin
555 4919 588 4971 et
616 4907 757 4971 Arnaldi
785 4908 828 4971 de
857 4905 1052 4972 Neterelcot'
1076 4917 1111 4970 et
1135 4907 1168 4969 in
1195 4905 1334 4968 decimis
1360 4904 1502 4969 duorum

243 5006 509 5072 molendinorum
527 5011 673 5076 Simonis
689 5012 855 5076 Gambun.
902 5009 1108 5075 Ministrabit
1123 5010 1224 5075 etiam
1241 5007 1352 5074 dictus
1360 5009 1502 5072 vicarius
