3609 5642
604 537 1097 634 Epescope'Le'ncolne'enses.'
1402 563 1467 629 291

209 774 317 842 [Ralple
328 774 363 828 de
373 774 515 835 Albam'ca
526 775 637 844 acolyte,
643 772 793 843 presented
806 773 840 842 by
855 772 980 827 Wlle'am
991 772 1026 826 de
1035 773 1175 837 Albonica,
1188 775 1214 827 rit
1223 766 1370 855 rieste'teeted
1384 780 1411 828 to
1427 775 1473 829 tlte

272 856 373 911 clema
386 855 596 926 osBottessord.
630 856 656 909 A
669 854 998 924 vr'carageisreseeued.]
1125 854 1126 857 ’
1353 860 1354 863 ’

297 966 795 1031 BOTELSFORDE.—Radulsus
816 966 859 1030 de
875 965 1051 1043 Albanico,
1068 966 1237 1043 accolitus,
1259 979 1471 1049 presentatus

210 1092 267 1153 per
289 1070 466 1135 dominum
490 1070 697 1134 Willelmum
721 1069 765 1133 de
788 1069 956 1132 Albanico
980 1069 1022 1133 ad
1045 1069 1220 1133 ecclesiam
1252 1070 1296 1135 de
1320 1065 1469 1136 Boteles-

210 1174 312 1250 forde,
331 1174 421 1238 facta
443 1174 535 1257 prius
558 1174 772 1257 inquisitione
796 1194 856 1256 per
880 1173 929 1249 R,
953 1172 1239 1237 Archidiaconum
1265 1174 1471 1253 Leircestrie,

209 1300 269 1361 per
290 1299 403 1360 quam,
425 1288 496 1355 etc,
519 1278 685 1341 admissus
705 1288 756 1341 est
775 1287 809 1341 et
829 1277 862 1339 in
883 1296 924 1340 ea
942 1278 1103 1340 canonice
1123 1297 1265 1359 persona
1290 1279 1471 1357 institutus,

209 1383 255 1445 ita
270 1381 363 1463 quod
383 1382 491 1445 scolas
512 1381 710 1462 frequentet,
730 1378 822 1444 salva
843 1380 965 1443 vicaria
985 1401 1045 1463 per
1064 1380 1238 1444 dominum
1262 1382 1467 1465 Episcopum

209 1486 241 1547 in
258 1483 378 1547 eadem
395 1484 535 1548 ecclesia
551 1483 746 1547 ordinanda.
793 1484 839 1546 Et
855 1482 1042 1564 injunctum
1058 1494 1111 1547 est
1126 1483 1376 1549 Archidiacono
1397 1507 1469 1568 pre-

209 1588 294 1652 senti
311 1588 413 1670 quod,
428 1598 490 1651 etc.
538 1587 663 1651 Actum
681 1586 787 1669 pridie
804 1586 965 1650 kalendas
982 1585 1116 1669 Aprilis.
1155 1586 1293 1671 [Added
1304 1589 1390 1655 later
1398 1589 1469 1675 -]

211 1690 446 1756 Subdiaconus
462 1701 521 1755 est.
818 1720 821 1723 ·

210 1949 302 2015 [John
312 1950 348 2001 de
358 1948 474 2016 Saluby,
486 1947 593 2016 acolyte,
601 1947 751 2015 presented
758 1948 792 2016 by
802 1947 848 1999 tlte
859 1947 949 2001 Abeot
962 1948 1023 2001 aeui
1033 1947 1160 2001 Conveni
1169 1951 1205 2019 of
1213 1948 1338 2012 Croxton,
1351 1952 1377 2003 is
1391 1952 1469 2005 insti·

274 2030 355 2083 tuted
362 2036 390 2083 to
400 2046 418 2083 a
430 2030 547 2099 medie&
556 2030 593 2099 os
599 2030 645 2083 the
655 2029 757 2083 church
767 2030 898 2099 osSoutle
912 2030 1052 2097 Creme]

234 2155 237 2161 “
299 2149 811 2231 SUDCROXTONE.-Johannes
834 2148 877 2213 de
901 2149 1050 2232 Salteby,
1072 2151 1242 2229 accolitus,
1261 2162 1470 2234 presentatus

212 2276 272 2337 per
287 2254 459 2318 Abbatem
482 2265 517 2318 et
540 2264 742 2318 conventum
767 2253 810 2317 de
826 2254 1000 2319 Croxtone
1023 2254 1065 2317 ad
1091 2255 1306 2320 medietatem
1332 2257 1471 2321 ecclesie
1499 2250 1505 2265 '

211 2358 254 2422 de
279 2358 526 2434 Sudcroxtone,
549 2358 638 2421 facta
662 2358 753 2441 prius
781 2358 995 2439 inquisitione
1023 2379 1081 2441 per
1109 2358 1158 2435 R,
1186 2359 1470 2424 Archidiaconum

214 2462 418 2540 Leircestrie,
433 2472 505 2540 etc,
520 2482 706 2546 perquam,
722 2472 793 2539 etc,
809 2462 976 2525 admissus
991 2473 1043 2526 est
1059 2473 1093 2527 et
1109 2464 1142 2526 in
1159 2484 1199 2527 ea
1214 2465 1375 2528 canonice
1399 2485 1471 2548 per-

212 2587 296 2630 sona
313 2567 494 2643 institutus,
510 2566 573 2629 sub
596 2587 683 2648 pena
699 2567 907 2643 vicariorum,
922 2575 956 2632 et
979 2587 1088 2644 onere,
1105 2568 1131 2630 si
1152 2566 1350 2631 beneficium
1374 2588 1470 2632 suum

213 2671 259 2734 ita
275 2679 378 2734 tenue
393 2671 446 2745 sit,
461 2670 552 2753 quod
568 2680 723 2753 oporteat
738 2690 814 2733 eum
841 2670 965 2734 ibidem
987 2672 1019 2733 in
1041 2672 1175 2754 propria
1196 2692 1338 2754 persona
1358 2672 1472 2736 minis-

213 2782 310 2837 trare.
360 2773 486 2837 Veniat
516 2774 618 2837 etiam
649 2773 692 2836 ad
724 2774 898 2855 proximos
929 2772 1062 2837 ordines
1092 2774 1309 2849 ordinandus·
1329 2776 1362 2839 in
1394 2776 1472 2839 sub-

213 2877 394 2942 diaconum
411 2877 475 2941 sub
494 2898 582 2960 pena
602 2876 753 2940 beneficii
773 2878 832 2941 sui.
879 2877 925 2943 Et
945 2877 1133 2960 injunctum
1152 2888 1204 2943 est
1224 2878 1473 2943 Archidiacono

215 2982 414 3046 Leircestrie
434 2982 580 3063 presenti
604 2981 705 3063 quod,
725 2990 787 3045 etc.
838 2980 965 3045 Actum
985 2991 1023 3044 ut
1042 3002 1150 3066 supra.
1204 2982 1396 3063 lnjunctum
1421 2994 1473 3048 est

212 3085 314 3149 etiam
338 3085 449 3150 eidem
473 3085 618 3169 Johanni
638 3094 676 3149 ut
699 3085 931 3151 omnimodam
958 3085 1117 3151 adhibeat
1139 3086 1350 3169 diligentiam
1371 3110 1473 3171 quam

214 3190 337 3274 poterit
352 3188 443 3271 quod
460 3188 579 3253 eadem
596 3190 738 3253 ecclesia
752 3190 860 3253 divisa
878 3188 922 3253 ad
947 3191 1105 3253 unionem
1130 3202 1309 3257 revocetur.
1338 3190 1479 3275 [Added

213 3292 380 3375 later:-]
405 3292 639 3358 Subdiaconus
655 3304 713 3357 est

212 3550 354 3618 [Richard
361 3550 396 3602 de
404 3548 558 3609 Is'neolm'a,
567 3551 676 3607 deacon.
684 3550 832 3618 presented
840 3550 873 3619 by
884 3548 985 3603 Roem
994 3550 1029 3604 de
1036 3550 1094 3613 Lec,
1107 3553 1133 3603 is
1143 3550 1289 3604 instituted
1297 3553 1378 3605 vicar
1386 3554 1423 3621 os
1429 3554 1476 3605 the

278 3632 383 3686 cleared
393 3634 430 3701 os
435 3632 521 3685 Litlle
533 3631 645 3700 Dalby]

303 3742 433 3803 PARVA
451 3740 805 3804 DnUBu.-Ricardus
821 3740 864 3803 de
882 3740 1065 3815 Lincolnia,
1081 3740 1251 3815 diaconus
1267 3761 1327 3823 per
1344 3740 1471 3805 Rober-

214 3855 285 3908 tum
311 3842 355 3907 de
381 3843 458 3920 Lec,
488 3863 665 3926 personam
696 3844 834 3907 ecclesie
864 3842 907 3907 de
938 3844 1044 3907 Parva
1070 3843 1202 3926 Dauby,
1223 3844 1473 3921 interveniente,

216 3966 382 4012 consensu
407 3946 566 4010 Priorisse
589 3956 623 4009 et
654 3956 837 4011 conventus
867 3947 911 4011 de
939 3946 1128 4029 Langeleia,
1155 3946 1305 4028 ejusdem
1336 3947 1475 4013 ecclesie

215 4060 442 4135 patronarum,
466 4050 509 4114 ad
541 4058 736 4133 perpetuam
769 4050 873 4133 ipsius
902 4050 1041 4113 ecclesie
1071 4052 1228 4114 vicariam
1253 4061 1474 4133 presentatus

216 4153 305 4218 sacta
314 4153 406 4237 prius
422 4153 636 4236 inquisitione
652 4174 710 4235 per
725 4154 772 4228 R,
783 4152 1067 4216 Archidiaconum
1081 4153 1276 4218 Leircestrie
1292 4175 1352 4237 per
1362 4175 1474 4236 quam,

215 4267 285 4335 etc,
300 4256 468 4323 admissus
483 4266 544 4332 est,
558 4266 593 4320 et
605 4277 680 4319 cum
698 4277 799 4320 onere
813 4267 848 4321 et
864 4277 951 4339 pena
974 4258 1171 4341 vicariorum
1196 4258 1229 4320 in
1253 4278 1292 4320 ea
1315 4258 1474 4321 canonice

216 4370 397 4445 perpetuus
420 4361 560 4424 vicarius
584 4361 765 4437 institutus,
780 4362 837 4442 qui
860 4361 996 4443 quidem
1021 4370 1126 4424 totam
1151 4360 1276 4425 dictam
1299 4360 1472 4425 ecclesiam

216 4466 352 4528 nomine
379 4465 507 4528 vicarie
523 4484 582 4529 sue
606 4473 679 4527 toto
703 4474 856 4545 tempore
886 4484 947 4526 suo
977 4463 1169 4545 possidebit,
1194 4463 1357 4527 solvendo
1380 4464 1473 4527 dicto

217 4568 375 4644 Roberto,
395 4587 543 4650 persone,
562 4578 597 4631 et
616 4567 861 4630 successoribus
880 4568 958 4641 suis
979 4566 1130 4647 ejusdem
1150 4567 1289 4630 ecclesie
1314 4568 1473 4650 personis,

214 4672 388 4736 annuatim
419 4670 505 4735 duos
534 4692 652 4735 aureos
683 4672 818 4734 nomine
856 4670 1034 4753 pensionis.
1081 4670 1204 4734 Veniet
1241 4672 1343 4735 etiam
1382 4672 1471 4736 idem

218 4774 389 4852 Ricardus,
407 4776 558 4851 vicarius,
577 4773 619 4838 ad
640 4775 838 4838 mandatum
857 4773 987 4836 domini
1009 4773 1168 4856 Episcopi
1194 4774 1226 4836 in
1253 4774 1470 4857 presbiterum

215 4877 429 4944 ordinandus.
457 4879 522 4960 ⁴Et
546 4878 743 4941 mandatum
768 4887 820 4941 est
845 4876 1093 4940 Archidiacono
1119 4876 1314 4941 Leircestrie
1339 4898 1398 4959 per
1424 4879 1473 4951 R..

216 4981 500 5046 Archidiaconum
520 4982 701 5059 Lincolnie,
716 4992 763 5057 ut,
777 4991 839 5044 etc.

1359 5103 1378 5139 U
1392 5104 1406 5140 2
