3609 5642
360 571 428 638 114
706 549 842 623 Rotulz'
856 547 1034 648 Hugonis
1059 548 1103 622 de
1129 549 1261 622 Welles

359 782 464 846 [Moles.
485 785 593 853 acolyte,
610 785 761 853 presented
779 785 812 853 by
833 785 874 837 W.
892 785 926 838 de
945 785 1045 838 Alban*
1063 785 1230 852 (=Albe'm’),
1242 787 1268 837 is
1283 784 1430 839 e'eestituted
1443 791 1471 839 to
1487 787 1534 840 tlte
1543 791 1614 856 par·

417 881 522 934 sonage
537 866 573 934 os
591 867 765 930 Wilbarston,
777 869 928 937 consisting
943 868 979 936 os
988 883 1039 921 one
1056 868 1144 932 mark,
1157 869 1233 936 patet
1246 869 1385 937 annualty
1403 869 1437 937 by
1452 869 1549 922 Audin
1566 871 1614 923 the

423 949 523 1016 Veram]

440 1059 894 1138 WILBERDSTOK'.—Malis,
924 1061 1093 1139 accolitus,
1120 1071 1329 1144 presentatus
1353 1083 1412 1145 per
1434 1061 1610 1127 dominum

352 1161 403 1224 W.
420 1162 463 1226 de
479 1163 601 1227 Alban’
618 1164 660 1227 ad
672 1165 847 1228 ecclesiam
861 1165 903 1228 de
914 1166 957 1228 W
960 1164 1181 1242 ilbernstock’,
1190 1164 1279 1228 lacta
1292 1167 1382 1248 prius
1394 1167 1612 1248 inquisitione

352 1286 411 1348 per
427 1267 476 1344 R,
493 1267 680 1332 Officialem
699 1269 975 1352 Norhamptonie,
992 1290 1050 1352 per
1065 1290 1176 1352 quam,
1191 1279 1262 1346 etc,
1277 1271 1444 1334 admissus
1458 1282 1510 1334 est
1524 1281 1560 1334 et
1576 1273 1610 1336 in

349 1390 390 1433 ea
412 1373 571 1436 canonice
596 1393 737 1455 persona
763 1374 944 1451 institutus,
967 1375 1014 1436 ita
1036 1374 1127 1456 quod
1151 1373 1258 1437 scolas
1284 1374 1494 1456 frequentet;
1517 1376 1612 1439 salva

349 1474 451 1536 etiam
469 1474 633 1558 Magistro
649 1476 786 1540 Aubino
798 1477 920 1540 vicaria
936 1497 996 1540 sua
1010 1497 1112 1558 quam
1125 1477 1226 1540 habet
1242 1479 1275 1540 in
1287 1479 1416 1556 eadem,
1428 1479 1484 1560 qui
1501 1489 1610 1542 totam

349 1577 456 1659 ipsam
495 1579 669 1643 ecclesiam
707 1581 892 1662 possidebit
929 1581 1174 1663 quoadvixerit,
1204 1581 1375 1645 reddendo
1408 1582 1487 1645 inde
1517 1584 1611 1646 dicto

323 1709 325 1714 ⁸
350 1681 513 1763 Magistro
536 1691 696 1765 tanquam
721 1704 861 1767 persone
883 1694 918 1748 et
940 1683 1184 1748 successoribus
1207 1685 1275 1748 suis
1297 1684 1448 1766 ejusdem
1469 1685 1611 1751 ecclesie

347 1785 496 1866 personis
512 1787 684 1849 annuatim
702 1807 804 1850 unam
822 1808 967 1850 marcam
984 1789 1120 1851 nomine
1132 1789 1309 1871 pensionis.
1357 1789 1403 1852 Et
1419 1789 1608 1870 injunctum

345 1897 397 1951 est
415 1888 463 1965 R,
479 1887 623 1952 Officiali
641 1891 785 1972 presenti
802 1891 902 1972 quod,
917 1901 978 1955 etc.
1024 1891 1150 1955 Actum
1167 1900 1205 1955 ut
1219 1891 1330 1974 supra¹
1347 1891 1428 1976 [sic].

344 2231 480 2297 [Thomas
496 2232 598 2298 Basset,
611 2233 718 2301 acolyte,
737 2235 761 2286 is
772 2234 919 2288 instituted
931 2240 959 2287 to
970 2234 1016 2288 tae
1032 2234 1130 2302 chapel
1137 2236 1174 2303 of
1182 2236 1357 2305 clay-Coton,
1369 2251 1405 2289 on
1416 2236 1461 2289 the
1464 2239 1610 2304 presenta-

409 2314 467 2366 tion
489 2315 525 2378 os
536 2314 582 2367 tlte
600 2314 690 2368 Abbot
712 2316 774 2368 and
790 2316 917 2369 Convent
934 2316 970 2383 os
984 2316 1123 2370 Leicester.
1166 2317 1211 2370 He
1232 2319 1257 2370 tr
1279 2323 1307 2370 to
1324 2318 1423 2370 uland
1437 2318 1483 2371 the
1501 2319 1609 2372 scleools

408 2411 440 2446 as
451 2395 522 2464 long
531 2414 565 2449 as
575 2397 620 2450 the
630 2397 738 2465 Bt'stcop
750 2397 844 2451 thinks
848 2399 909 2466 fit]

430 2505 757 2572 cocos-Thomas
784 2509 910 2585 Basset,
934 2509 1102 2586 accolitus,
1119 2520 1328 2592 presentatus
1351 2532 1411 2594 per
1433 2511 1606 2576 Abbatem

343 2620 377 2673 et
415 2620 616 2674 conventum
657 2611 853 2676 Leircestrie
890 2611 934 2675 ad
972 2612 1135 2695 capellam
1174 2613 1216 2676 de
1254 2613 1365 2691 Cotes,
1395 2614 1484 2678 lacta
1514 2617 1607 2698 prius

344 2714 559 2796 inquisitione
583 2735 642 2798 per
665 2715 714 2792 R,
731 2715 1016 2779 Archidiaconum
1041 2716 1317 2800 Norhamptonie,
1333 2739 1393 2800 per
1407 2739 1519 2800 quam,
1534 2729 1608 2798 etc,

343 2816 385 2880 ad
416 2816 558 2880 eandem
590 2817 755 2880 admissus
785 2828 837 2882 est
866 2829 901 2882 et
931 2819 965 2882 in
991 2839 1032 2882 ea
1062 2821 1220 2883 canonice
1251 2841 1394 2903 persona
1424 2822 1606 2886 institutus

346 2921 537 3003 lnjunctum
553 2932 604 2985 est
627 2922 728 2985 etiam
745 2922 774 2984 ei
799 2923 861 2986 sub
885 2942 972 3005 pena
995 2923 1183 2987 amissionis
1206 2923 1357 2988 beneficii
1381 2926 1431 2988 sui
1455 2925 1607 3008 predicti,

342 3026 432 3107 quod
471 3025 578 3089 scolas
616 3025 803 3108 frequentet
841 3028 999 3091 continue
1043 3028 1203 3109 quamdiu
1249 3030 1388 3093 domino
1433 3029 1607 3114 Episcopo

343 3129 512 3210 placuerit,
527 3139 561 3193 et
582 3129 623 3192 ad
642 3130 839 3193 mandatum
855 3130 984 3194 domini
1001 3131 1160 3214 Episcopi
1177 3133 1289 3196 veniat
1307 3133 1341 3195 in
1360 3133 1605 3198 subdiaconum

343 3231 555 3310 ordinandus
575 3243 609 3297 et
633 3234 659 3296 si
682 3234 745 3297 ista
762 3253 827 3296 non
849 3233 963 3297 fecerit
986 3245 1115 3316 sponte,
1130 3235 1324 3318 simpliciter
1341 3245 1376 3299 et
1396 3235 1549 3301 absolute
1570 3239 1605 3302 in

345 3356 464 3400 manus
487 3337 614 3401 domini
648 3337 808 3420 Episcopi
840 3347 917 3420 post
947 3359 1042 3401 suam
1073 3339 1316 3403 institutionem
1340 3341 1497 3423 quicquid
1521 3341 1606 3423 juris

343 3440 459 3504 habuit
475 3443 508 3504 in
531 3443 669 3506 ecclesie
688 3453 873 3506 memorata
893 3444 1082 3526 resignavit,
1097 3454 1134 3507 ut
1150 3453 1230 3508 tunc
1249 3445 1306 3508 fiat
1322 3446 1365 3509 de
1382 3467 1423 3509 ea
1441 3457 1604 3528 tanquam

342 3545 385 3609 de
411 3555 559 3623 vacante,
583 3555 712 3609 remota
742 3546 965 3629 apellatione;
988 3556 1022 3610 et
1053 3548 1248 3611 mandatum
1279 3559 1330 3612 est
1353 3549 1604 3614 Archidiacono

342 3648 487 3726 Oxonie,
504 3659 540 3713 ut
553 3649 653 3731 juxta
667 3651 810 3724 ‚formam
827 3651 1033 3732 premissam,
1048 3661 1108 3714 etc.

340 3992 447 4060 [Rulplr
465 3992 499 4045 de
519 3993 682 4061 Lugincott',
700 3994 806 4062 acolyte
820 3995 845 4046 is
861 3993 1008 4047 instituted
1024 4000 1051 4047 to
1068 3995 1113 4048 tlte
1129 3994 1230 4048 cturca
1246 3996 1282 4063 os
1292 3995 1417 4063 Edgcote
1430 4011 1468 4048 on
1482 3995 1527 4050 the
1538 4000 1604 4064 pre-

405 4076 540 4128 sentation
552 4075 587 4143 of
598 4075 645 4127 Th.
661 4075 695 4128 de
705 4075 796 4144 Brai]

428 4185 867 4250 HOCHECOT’.-Radullus
897 4184 941 4248 de
970 4186 1169 4268 Lugincott’,
1193 4187 1361 4264 accolitus
1391 4198 1604 4269 presentatus

342 4309 401 4372 per
431 4289 492 4352 Th.
523 4289 566 4352 de
598 4289 683 4367 Brai,
709 4289 857 4366 militem,
882 4290 926 4353 ad
956 4290 1129 4354 ecclesiam
1168 4291 1211 4355 de
1243 4290 1442 4354 Hochecott'
1473 4293 1604 4358 ratione

341 4392 430 4456 dotis
454 4393 569 4455 uxoris
594 4413 662 4470 sue,
686 4393 773 4455 facta
801 4393 891 4475 prius
922 4394 1137 4475 inquisitione
1161 4414 1219 4477 per
1244 4395 1292 4470 R,
1315 4393 1602 4460 Archidiaconum

341 4495 617 4579 Norhamptonie,
647 4517 704 4579 per
734 4516 846 4578 quam,
870 4506 942 4573 etc,
965 4496 1130 4560 admissus
1161 4507 1212 4561 est
1242 4506 1276 4561 et
1306 4499 1340 4559 in
1370 4519 1411 4561 ea
1440 4501 1603 4564 canonice

340 4620 482 4682 persona
505 4600 697 4676 institutus;
729 4599 775 4662 ita
799 4609 836 4662 ut
863 4599 907 4663 ad
935 4598 1131 4663 mandatum
1156 4600 1283 4663 domini
1307 4599 1466 4684 Episcopi
1488 4604 1602 4666 veniat

340 4703 373 4765 in
390 4703 632 4766 subdiaconum
649 4701 862 4766 ordinandus.
910 4702 956 4765 Et
972 4702 1167 4767 mandatum
1184 4712 1236 4766 est
1250 4701 1341 4766 dicto
1352 4703 1602 4768 Archidiacono

340 4816 386 4883 ut,
401 4817 462 4870 etc.
508 4807 742 4872 Subdiaconus
757 4815 817 4869 est.

526 5005 535 5034 ²
550 5003 581 5056 ln
594 5005 641 5056 the
653 5006 777 5073 margin:
794 5013 809 5033 ‘¹
818 5004 880 5057 Non
893 5005 1029 5060 babemus
1044 5005 1150 5058 litteras
1162 5005 1401 5078 presentationis”.
