3609 5642
346 561 413 632 128
685 553 822 628 Ratulz'
837 553 1015 649 Hugana's
1040 552 1085 624 de
1116 550 1249 624 Welles

340 792 482 861 [W'llram
493 791 527 845 da
543 791 694 853 Welledun,
706 789 845 858 chapterin,
859 805 895 842 an
907 789 953 841 tlte
958 789 1148 855 presentattan
1159 787 1247 855 ostiu
1263 786 1350 840 Prior
1358 787 1421 839 and
1436 786 1566 839 Convent
1573 787 1610 855 as

406 874 515 939 Launtt,
528 875 553 927 is
564 872 710 926 instituted
717 877 745 924 to
756 871 802 924 tlte
813 871 929 940 mcdrtty
939 872 975 939 of
980 870 1026 923 tlte
1037 869 1138 923 church
1149 869 1212 922 that
1221 867 1281 922 laad
1288 868 1353 921 been
1364 867 1469 937 kaldby
1479 868 1605 932 Seman]

428 973 882 1040 WELEDON’.-Willelmus
908 972 952 1036 de
983 971 1181 1048 Welledun',
1211 970 1438 1054 cappellanus,
1469 991 1603 1054 presen-

341 1090 431 1145 tatus
455 1102 514 1164 per
537 1081 685 1144 Priorem
709 1088 743 1143 et
766 1088 970 1142 conventum
995 1077 1038 1141 de
1062 1076 1182 1139 Landa
1200 1075 1243 1139 ad
1269 1074 1361 1138 illam
1386 1074 1602 1140 medietatem

340 1186 478 1250 ecclesie
508 1184 551 1248 de
581 1183 777 1261 Welledon’‚
807 1203 909 1265 quam
942 1181 1067 1247 Seman
1098 1179 1219 1243 ultimo
1249 1180 1366 1255 tenuit,
1397 1179 1485 1242 sacta
1513 1180 1602 1263 prius

341 1290 555 1373 inquisitione
586 1309 645 1372 per
669 1288 718 1364 R..
749 1285 938 1352 Officialem
971 1283 1209 1348 Archidiaconi
1242 1282 1521 1366 Norhamptonie,
1545 1305 1602 1367 per

341 1415 452 1478 quarn,
476 1404 547 1472 ete,
571 1393 612 1458 ad
638 1392 780 1457 eandem
808 1391 975 1454 admissus
1004 1399 1056 1453 est
1082 1400 1117 1453 et
1140 1390 1173 1451 in
1204 1409 1245 1452 ea
1274 1388 1433 1452 canonice
1460 1409 1602 1471 persona

341 1500 535 1576 institutus;
564 1496 657 1560 salva
684 1495 842 1578 predictis
865 1494 1035 1557 canonicis
1063 1494 1222 1576 pensione
1248 1492 1389 1555 duarum
1415 1513 1602 1556 marcarum

341 1603 384 1666 de
406 1600 525 1665 eadem
548 1621 624 1664 cum
648 1620 722 1664 eam
754 1598 968 1682 probaverint
991 1617 1065 1660 esse
1088 1596 1236 1660 debitam
1259 1605 1294 1660 et
1319 1597 1501 1678 antiquam.
1559 1597 1603 1660 Et

318 1691 538 1769 'mandatum
569 1713 620 1767 est
649 1703 740 1766 dicto
775 1701 1024 1765 Archidiacono
1063 1709 1107 1777 ut,
1140 1710 1201 1765 etc.
1250 1700 1359 1782 Super
1389 1701 1454 1764 ista
1483 1701 1602 1764 eadem

341 1809 480 1873 ecclesia
496 1808 592 1872 aliter
607 1806 798 1871 ordinatum
814 1815 865 1869 est
880 1815 918 1869 ut
934 1805 967 1867 in
984 1804 1094 1868 rotulo
1106 1813 1274 1867 cartarum
1290 1802 1442 1885 ejusdem
1459 1804 1559 1868 anni.¹

341 2028 456 2094 [Rodert.
468 2043 519 2080 san
530 2028 566 2096 os
572 2027 672 2080 Robert
680 2042 731 2079 son
741 2026 777 2093 as
794 2026 906 2087 Walter,
917 2025 997 2089 derb,
1010 2026 1035 2077 is
1046 2024 1193 2078 instituted
1200 2031 1227 2078 to
1239 2040 1258 2076 a
1270 2023 1387 2092 nudiety
1397 2025 1434 2093 of
1441 2025 1486 2078 tna
1499 2025 1601 2081 charri

406 2111 442 2179 af
458 2110 614 2180 Waodford,
632 2125 669 2162 an
679 2110 725 2162 tlte
731 2110 920 2176 presentatian
931 2109 967 2176 of
974 2107 1109 2160 Baldwin
1120 2108 1154 2160 de
1170 2107 1228 2167 Ver,
1239 2107 1272 2175 by
1282 2122 1381 2160 reason
1392 2108 1427 2175 as
1434 2107 1480 2160 tlte
1489 2109 1601 2178 custody

406 2193 441 2260 af
448 2191 493 2244 tlte
504 2193 574 2246 land
584 2193 644 2244 and
653 2192 760 2258 deiros
770 2190 897 2243 Wr'tliam
910 2189 1024 2257 Maisa]

429 2302 889 2378 WUDEFORD.-Robertus,
913 2300 999 2364 filius
1025 2300 1163 2364 Roberti
1194 2299 1253 2363 filii
1285 2298 1434 2376 Walteri,
1457 2301 1603 2378 clericus,

342 2415 554 2490 presentatus
585 2427 644 2489 per
675 2405 917 2488 Baldewynum
948 2404 991 2468 de
1021 2405 1099 2482 Ver,
1123 2405 1273 2490 militem,
1303 2403 1346 2468 ad
1386 2403 1601 2468 medietatem

340 2511 480 2575 ecclesie
498 2511 541 2575 de
565 2509 768 2586 Wudesord’,
791 2511 921 2573 ratione
944 2509 1095 2573 custodie
1118 2518 1204 2573 terre
1228 2517 1263 2572 et
1287 2507 1418 2571 heredis
1443 2509 1602 2573 Willelmi

344 2614 449 2678 Malle
479 2633 581 2696 quam
612 2613 722 2690 habet,
753 2612 842 2675 facta
872 2613 964 2694 prius
1001 2612 1215 2694 inquisitione
1246 2632 1304 2694 per
1335 2612 1384 2689 R.,
1415 2612 1602 2677 Officialem

344 2717 583 2781 Archidiaconi
609 2716 885 2799 Norhamptonie,
902 2737 961 2798 per
982 2736 1094 2798 quam,
1109 2727 1180 2791 etc,
1203 2714 1245 2778 ad
1269 2714 1412 2778 eandem
1437 2715 1603 2780 admissus

342 2831 393 2886 est
415 2831 450 2884 et
472 2821 506 2884 in
529 2841 569 2884 ea
592 2821 751 2884 canonice
778 2839 920 2901 persona
944 2820 1139 2897 institutus;
1161 2817 1254 2882 salva
1278 2819 1401 2882 vicaria
1424 2840 1483 2901 per
1507 2820 1602 2902 Epis-

342 2945 464 3008 copum
486 2925 549 2988 loci
565 2925 608 2989 de
622 2944 759 2988 assensu
777 2924 909 3006 patroni
926 2923 959 2986 in
975 2921 1095 2986 eadem
1111 2921 1306 2986 ordinanda
1347 2922 1424 2985 Non
1441 2922 1603 2987 babemus

343 3029 470 3094 litteras
486 3027 750 3112 presentationis.

343 3235 519 3304 [Alexander
536 3235 570 3288 da
589 3235 748 3300 Elmeham,
772 3234 909 3301 adaptasti,
933 3236 958 3286 is
980 3233 1128 3288 instituted
1146 3239 1175 3287 ta
1193 3235 1239 3288 the
1260 3235 1392 3302 vicarage
1413 3235 1450 3302 os
1465 3235 1512 3288 the
1527 3251 1604 3288 sarna

408 3317 524 3386 medam
534 3316 570 3385 af
575 3317 621 3370 tlte
632 3316 733 3370 church
746 3318 781 3385 of
792 3315 949 3384 Woodsard
958 3316 1241 3385 anthepresentatran
1253 3316 1289 3385 of
1294 3317 1458 3385 theparsan,
1471 3323 1499 3371 ta
1509 3317 1603 3370 wharn

407 3399 452 3454 tlte
459 3400 541 3452 vicar
549 3400 574 3452 is
586 3401 679 3468 topay
689 3415 707 3451 a
713 3401 834 3468 pensiori
846 3401 882 3468 of
889 3416 958 3452 roos.
969 3416 987 3452 a
993 3403 1082 3469 year]

429 3511 593 3576 VchRIA
616 3510 1095 3575 WUDEFORD.-Alexander
1118 3509 1161 3573 de
1188 3509 1376 3586 Elmeham,
1402 3511 1603 3593 capellanus,

343 3625 552 3700 presentatus
569 3636 627 3697 per
643 3614 829 3678 Robertum
841 3613 945 3678 filium
959 3613 1100 3678 Walteri
1115 3613 1173 3677 filii
1191 3613 1331 3677 Roberti
1341 3613 1414 3697 [sic]
1425 3635 1602 3697 personam

343 3719 532 3784 medietatis
559 3718 697 3782 ecclesie
727 3717 770 3782 de
797 3717 1000 3793 Wudesord',
1031 3718 1271 3782 interveniente
1295 3719 1426 3801 patroni
1457 3738 1604 3794 assensu,

342 3824 386 3888 ad
410 3824 565 3887 vicariam
597 3822 630 3885 in
661 3821 779 3886 eadem
805 3821 986 3886 medietate
1017 3842 1076 3904 per
1099 3822 1305 3904 Episcopum
1337 3821 1537 3900 ordinatam,
1560 3823 1603 3886 ad

342 3927 484 3992 eandem
509 3925 676 3991 admissus
698 3935 758 4003 est,
782 3937 863 4004 etc.;
886 3927 943 4008 qui
970 3923 1107 4007 quidem
1133 3935 1239 3990 totam
1268 3925 1358 3989 illam
1386 3925 1603 3991 medietatem

342 4031 470 4095 tenebit
485 4029 730 4113 quoadvixerit,
747 4028 919 4094 reddendo
938 4029 1016 4093 inde
1035 4028 1126 4094 dicto
1143 4030 1293 4093 Roberto
1312 4051 1455 4113 persone
1473 4039 1508 4094 et
1529 4051 1603 4094 suc-

342 4135 526 4199 cessoribus
541 4133 618 4211 suis,
633 4132 784 4214 ejusdem
801 4131 991 4197 medietatis
1007 4134 1165 4216 personis,
1181 4143 1316 4198 centum
1332 4133 1458 4196 solidos
1473 4154 1603 4198 annuos

342 4241 479 4304 nomine
503 4239 672 4322 pensionis
695 4236 738 4301 ad
762 4238 889 4301 Pascha
912 4247 947 4301 et
966 4237 1088 4301 festum
1113 4238 1230 4303 Sancti
1255 4237 1449 4316 Michaelis;
1474 4248 1603 4302 retenta

342 4352 456 4407 tamen
481 4363 501 4406 a
527 4342 618 4406 dicto
641 4340 780 4405 domino
803 4350 971 4424 potestate
991 4351 1061 4406 tam
1084 4342 1240 4405 vicariam
1262 4361 1363 4424 quam
1387 4351 1602 4424 personatum

343 4445 509 4530 predictos
524 4445 668 4528 augendi
682 4445 732 4508 vel
750 4445 922 4509 minuendi
938 4445 965 4507 si
982 4444 1143 4528 expedire
1154 4444 1282 4521 viderit,
1297 4444 1439 4509 attenta²
1455 4446 1604 4528 predicte

343 4549 533 4614 medietatis
548 4549 769 4612 estimatione.
822 4548 867 4611 Et
885 4547 1083 4612 mandatum
1106 4558 1158 4612 est
1180 4548 1271 4612 dicto
1295 4548 1544 4613 Archidiacono
1567 4558 1604 4613 ut

343 4662 412 4717 tam
430 4672 607 4735 personam
640 4672 742 4734 quarn
774 4652 934 4716 vicarium
966 4652 1134 4735 predictos
1168 4653 1201 4715 in
1228 4653 1434 4736 corporalem
1466 4652 1604 4717 inducat

343 4756 566 4840 predictarum
595 4756 786 4839 portionum
816 4757 1070 4839 possessionem.
1116 4755 1296 4820 Admissus
1325 4766 1377 4820 est
1401 4765 1514 4820 autern
1541 4758 1604 4821 sub

343 4879 443 4924 onere
458 4869 492 4924 et
508 4880 596 4943 pena
612 4860 818 4923 vicariorum.

508 5013 517 5044 ¹
531 5013 600 5068 This
612 5013 665 5068 last
678 5021 813 5068 sentence
826 5015 898 5070 isan
911 5016 1053 5068 insertion.
1202 5017 1213 5048 ²
1226 5015 1364 5077 “Atenta”,
1378 5015 1439 5068 MS.
