3609 5642
697 601 832 673 Rutuli
847 599 1024 699 Hugonz's
1051 600 1094 673 de
1122 601 1252 673 Welles

344 839 524 917 hamtonie‚
539 851 573 903 et
589 842 730 923 receptis
750 842 868 905 litteris
883 841 1011 904 domini
1029 841 1132 924 Regis
1148 840 1405 917 continentibus
1420 838 1512 920 quod
1528 859 1603 901 cum

346 942 510 1007 Radulsus
539 945 582 1008 de
613 944 871 1009 Normanewille
901 946 1125 1008 summonitus
1155 954 1243 1007 esset
1273 964 1385 1006 coram
1415 943 1605 1024 justiciariis

343 1046 433 1129 apud
450 1047 784 1111 westmonasterium
801 1048 844 1112 ad
866 1047 1138 1131 respondendum
1163 1047 1302 1129 Hugoni
1317 1047 1360 1110 de
1382 1046 1604 1109 Mortuomari

345 1171 447 1232 quare
464 1172 530 1215 non
547 1154 697 1234 permisit
711 1173 787 1215 eum
807 1163 1000 1235 presentare
1016 1152 1172 1216 idoneam
1189 1172 1364 1235 personam
1375 1151 1418 1214 ad
1429 1150 1604 1214 ecclesiam

346 1254 389 1317 de
416 1255 623 1338 Kilpesham,
638 1277 712 1338 que,
734 1265 806 1331 etc,
831 1256 919 1321 idem
947 1256 1111 1320 Radulfus
1136 1256 1227 1319 venit
1252 1256 1283 1317 in
1309 1253 1428 1318 eadem
1456 1254 1548 1316 curia
1573 1262 1606 1315 et

345 1361 508 1422 concessit
537 1360 646 1423 eidem
680 1360 817 1443 Hugoni
841 1361 1123 1444 presentationem
1148 1380 1241 1423 suam
1267 1358 1309 1422 ad
1332 1358 1508 1421 ecclesiam
1534 1378 1606 1439 pre-

345 1462 478 1540 dictam,
501 1473 534 1527 et
558 1464 648 1545 quod
671 1464 826 1526 dominus
851 1463 1048 1546 Episcopus,
1072 1483 1139 1526 non
1162 1464 1319 1526 obstante
1341 1460 1607 1524 contradictione

346 1566 426 1628 dicti
454 1566 587 1629 Radulfi
618 1566 661 1629 ad
692 1568 974 1650 presentationem
1002 1566 1157 1649 Hugonis
1182 1566 1321 1649 predicti
1346 1585 1524 1648 personam
1548 1563 1607 1627 ad-

346 1671 467 1746 mittat,
483 1692 541 1754 per
556 1692 630 1753 que,
645 1682 716 1747 etc,
731 1672 774 1735 ad
798 1671 940 1735 eandem
965 1670 1130 1734 admissus
1154 1680 1213 1749 est,
1228 1679 1290 1733 etc,
1339 1671 1383 1733 Et
1407 1668 1604 1732 mandatum

345 1781 396 1834 est
411 1772 502 1836 dicto
519 1774 767 1838 Archidiacono
782 1786 828 1852 ut,
843 1785 905 1839 etc.

345 2102 454 2172 [Hertry
464 2104 497 2157 de
509 2105 603 2164 Hales,
611 2107 760 2173 presented
768 2107 801 2174 by
812 2106 858 2158 tlu
867 2106 956 2159 Pn'or
964 2108 999 2174 os
1010 2106 1089 2167 War'‚
1098 2109 1211 2173 proctor
1220 2106 1255 2173 os
1262 2104 1307 2157 the
1318 2102 1473 2157 Abbotand
1481 2102 1610 2156 Conveni

410 2187 445 2255 of
456 2188 495 2240 St.
508 2187 637 2251 Evroult,
650 2188 675 2239 is
685 2188 832 2241 instituted
840 2193 867 2241 to
878 2188 925 2241 the
935 2187 1036 2241 clmrck
1048 2188 1083 2255 of
1090 2186 1249 2241 Meddleton
1264 2185 1392 2254 θήσω]

433 2297 910 2381 strumarum-Magister
935 2298 1101 2362 Henricus
1123 2297 1166 2361 de
1192 2297 1297 2359 Hales
1322 2294 1456 2378 [bhnki
1472 2315 1606 2377 presen-

344 2408 434 2461 tatus
459 2421 516 2481 per
541 2402 686 2463 Priorem
710 2401 752 2464 de
776 2402 859 2463 War
880 2450 1011 2477 .....
1027 2400 1215 2484 generalem
1241 2402 1274 2463 in
1299 2400 1425 2480 Anglia
1449 2418 1607 2481 procura-

344 2512 451 2564 torem
484 2502 627 2566 Abbatis
664 2515 698 2567 et
735 2516 919 2567 conventus
951 2506 1065 2569 Sancti
1106 2502 1242 2579 Ebrulfi‚
1273 2502 1316 2566 ad
1354 2502 1531 2565 ecclesiam
1563 2502 1607 2565 de

347 2605 564 2682 Middeltone,
589 2609 676 2670 sacta
699 2610 788 2689 prius
813 2609 1027 2689 inquisitione
1051 2628 1108 2689 per
1137 2606 1176 2688 J.,
1200 2605 1485 2669 Archidiaconum
1519 2606 1606 2668 Nor-

344 2709 548 2792 hamptonie‚
579 2733 636 2794 per
667 2732 777 2794 quam,
807 2722 878 2788 etc,
910 2710 952 2774 ad
983 2711 1125 2774 eandem
1157 2709 1323 2773 admissus
1352 2719 1413 2787 est,
1439 2720 1502 2773 etc.
1561 2710 1606 2773 Et

345 2812 542 2875 mandatum
563 2824 615 2875 est
634 2812 744 2876 eidem
767 2814 1015 2877 Archidiacono
1031 2822 1076 2889 ut,
1092 2822 1153 2875 etc.
1203 2812 1395 2895 Injunctum
1417 2824 1468 2875 est
1490 2823 1604 2876 autem

344 2914 435 2977 dicto
464 2915 627 2997 Magistro
655 2916 810 2992 Henrico,
837 2917 899 2979 sub
929 2916 1044 2979 debito
1069 2916 1249 2997 juramenti
1275 2916 1413 2998 prestiti,
1437 2915 1529 2997 quod
1561 2914 1604 2978 ad

346 3019 471 3101 primos
483 3018 616 3082 ordines
632 3020 665 3082 in
682 3020 924 3084 subdiaconum
940 3041 977 3084 se
994 3020 1092 3083 saciet
1107 3020 1302 3103 promoveri.
