3609 5642
607 552 785 650 Episcopi
806 553 1090 626 LGcolne'ense‘s.
1410 575 1477 646 139

218 811 305 874 pena
320 791 530 868 vicariorum,
545 801 627 870 etc.;
649 793 706 874 qui
722 792 858 874 quidem
875 793 1000 856 dictam
1017 793 1191 856 ecclesiam
1208 791 1336 858 tenebit
1351 791 1478 873 quoad-

217 896 349 972 vixerit,
366 893 537 960 reddendo
554 897 632 959 inde
654 897 745 959 dicto
764 896 912 960 Henrico
927 907 960 960 et
976 897 1220 960 successoribus
1236 898 1313 973 suiS,
1328 895 1478 977 ejusdem

216 1000 356 1064 ecclesie
373 1001 532 1082 personis,
542 1001 690 1083 quinque
703 1021 831 1064 marcas
845 1021 973 1064 annuas
984 1001 1027 1063 ad
1043 1002 1127 1064 duos
1140 1002 1310 1076 terminos,
1325 1000 1479 1064 videlicet

218 1103 261 1166 ad
279 1103 402 1166 festum
420 1103 535 1168 Sancti
555 1103 729 1167 Michaelis
746 1102 767 1185 ij
786 1125 914 1167 marcas
937 1114 972 1167 et
994 1102 1180 1180 dimidiam,
1195 1113 1229 1167 et
1252 1105 1294 1168 ad
1314 1104 1441 1168 Pascha
1457 1103 1478 1186 ij

219 1227 350 1270 marcas
377 1217 412 1270 et
435 1205 609 1270 dimidiam
634 1207 770 1271 nomine
793 1209 971 1290 pensionis.
1019 1208 1064 1272 Et
1088 1208 1286 1271 mandatum
1313 1219 1364 1271 est
1387 1208 1479 1270 dicto

222 1309 472 1374 Archidiacono
488 1320 533 1388 ut,
548 1320 609 1374 etc.

219 1584 328 1654 [Ralplt
337 1585 371 1638 de
380 1585 544 1648 Gnoecrltele,
554 1586 723 1650 sub-dentem
731 1586 919 1654 presenteddy
927 1586 973 1639 tlte
981 1587 1068 1639 Pn'or
1076 1585 1138 1638 and
1148 1585 1275 1638 Convent
1284 1587 1320 1654 of
1327 1587 1481 1653 Deventry,

286 1669 311 1718 e's
322 1667 467 1720 instituted
476 1673 503 1719 to
519 1668 565 1721 the
581 1668 682 1722 cnnrch
698 1669 734 1736 of
750 1669 856 1736 Thorpe
874 1668 1059 1722 Mandeville.
1100 1669 1127 1722 A
1140 1669 1271 1736 vicarage
1282 1669 1307 1721 is
1317 1668 1447 1721 resetved
1455 1674 1483 1720 to

285 1749 529 1818 thearchdeaconl

278 1891 282 1898 ·
311 1867 494 1934 ECCLESIA
518 1883 568 1931 DE
592 1869 940 1933 TROPE.—Radulsus
963 1870 1006 1933 de
1030 1868 1231 1946 Gnoushale‚
1250 1869 1483 1946 subdiaconus

221 1980 432 2054 presentatus
449 1993 507 2055 per
532 1973 677 2036 Priorem
693 1982 727 2036 et
751 1983 954 2037 conventum
978 1974 1020 2036 de
1041 1973 1225 2037 Daventria
1240 1973 1283 2035 ad
1303 1973 1480 2036 ecclesiam

218 2073 264 2137 de
280 2073 402 2157 Trope,
417 2085 592 2139 vacantem
616 2097 657 2139 eo
679 2077 770 2158 quod
797 2077 962 2159 Magister
985 2077 1027 2154 S,
1043 2078 1099 2158 qui
1117 2077 1207 2159 prius
1223 2098 1297 2140 eam
1321 2085 1483 2153 tenuerat,

219 2176 311 2240 aliud
344 2179 468 2262 recepit
499 2179 696 2244 beneficium
727 2181 779 2243 cui
810 2202 896 2257 cura,
926 2189 997 2257 etc,
1027 2201 1103 2243 cum
1131 2181 1212 2243 satis
1243 2188 1410 2244 constaret
1440 2179 1482 2242 de

218 2281 502 2364 contingentibus,
516 2293 587 2360 etc,
598 2282 640 2347 ad
653 2285 795 2347 eandem
809 2285 974 2348 admissus
984 2295 1036 2347 est
1048 2305 1055 2361 ;
1071 2284 1162 2347 salva
1173 2285 1222 2360 R.,
1235 2282 1483 2346 Archidiacono

220 2384 499 2468 Norhamptonie,
514 2387 636 2450 vicaria
651 2408 711 2451 sua
734 2408 835 2469 quam
859 2387 962 2451 habet
978 2387 1011 2449 in
1034 2386 1163 2463 eadem,
1178 2387 1234 2468 qui
1259 2396 1365 2451 totam
1391 2385 1481 2448 illam

218 2489 395 2552 ecclesiam
412 2491 547 2568 tenebit,
562 2501 633 2569 etc,
649 2492 820 2555 reddendo
837 2491 1016 2555 indedicto
1034 2490 1180 2554 Radulfo
1190 2500 1224 2554 et
1239 2490 1484 2553 successoribus

219 2593 299 2668 suis,
321 2592 471 2674 ejusdem
495 2595 633 2658 ecclesie
657 2595 816 2677 personis,
831 2595 917 2657 duos
944 2595 1068 2657 solidos
1091 2615 1221 2657 annuos
1245 2595 1380 2657 nomine
1403 2614 1483 2676 pen-

221 2696 334 2759 sionis.
381 2696 427 2760 Et
450 2697 646 2761 mandatum
672 2707 722 2761 est
747 2697 886 2761 Decano
910 2699 953 2761 de
978 2698 1152 2761 Brakeleia
1175 2707 1220 2774 ut,
1243 2709 1303 2762 etc.
1349 2697 1405 2780 [In
1432 2697 1485 2760 tlte

222 2800 355 2882 margin
369 2799 438 2883 .·-]
456 2801 713 2865 Memorandum
730 2801 773 2865 de
789 2802 1012 2884 inquisitione.

222 3159 366 3228 [Willt'am
383 3161 417 3213 de
428 3160 598 3230 Ilerdey'eud
606 3162 755 3231 presented
768 3163 857 3231 hythe
873 3163 960 3216 Prior
967 3162 1029 3215 end
1045 3163 1170 3215 Convent
1181 3163 1217 3231 os
1228 3163 1341 3223 Leman,
1353 3163 1442 3222 Notts.
1460 3164 1485 3215 ts

290 3242 437 3296 instituted
445 3247 472 3296 to
483 3243 529 3296 tlte
539 3243 641 3297 etune
653 3243 866 3312 osHerleston.]

317 3376 792 3461 HERLESTONE.—Magister
803 3377 992 3440 Willelmus
1001 3377 1044 3441 de
1055 3377 1267 3455 Liccheseud,
1277 3388 1486 3460 presentatus

225 3501 286 3562 per
303 3479 448 3542 Priorem
465 3490 499 3543 et
514 3490 716 3543 conventum
732 3480 776 3544 de
793 3480 946 3544 Lentone
962 3480 1005 3544 ad
1026 3482 1200 3544 ecclesiam
1216 3482 1259 3545 de
1277 3482 1486 3559 Herlestone,

225 3583 315 3646 lacta
331 3583 421 3665 prius
437 3582 651 3664 inquisitione
667 3604 725 3666 per
743 3583 791 3660 R,
807 3583 995 3648 Officialem
1010 3583 1285 3666 Norhamptonie,
1302 3604 1486 3666 perquam,

224 3696 297 3762 etc,
312 3685 356 3749 ad
371 3686 513 3749 eandem
530 3687 695 3751 admissus
711 3697 762 3752 est
777 3688 840 3750 sub
855 3709 942 3771 pena
958 3687 1108 3763 Concilii,
1119 3697 1180 3750 etc.
1227 3687 1273 3750 Et
1289 3687 1485 3752 mandatum

223 3798 278 3853 est
292 3788 383 3852 dicto
400 3787 543 3854 Officiali
560 3799 605 3868 ut,
620 3799 681 3854 etc.

223 4065 234 4127 [
240 4061 322 4128 Jolm
332 4061 366 4115 de
376 4062 528 4131 Meautedy.
540 4063 708 4128 urb-deacon,
716 4065 866 4132 presented
874 4065 907 4133 by
918 4065 964 4118 tlte
975 4065 1062 4117 Pn'or
1070 4064 1106 4132 os
1111 4063 1158 4117 tlte
1168 4063 1305 4117 Bretlrren
1316 4066 1352 4128 of
1358 4063 1403 4116 tlte
1414 4063 1486 4115 Hos·

287 4145 364 4211 pilot
378 4145 414 4212 of
423 4145 479 4212 (St.
491 4145 570 4211 John
588 4146 632 4215 os)
642 4146 801 4212 Jerusalem
819 4147 850 4198 in
867 4145 1014 4214 England,
1032 4147 1057 4198 is
1073 4145 1219 4199 instetuted
1235 4151 1262 4197 to
1278 4144 1323 4197 tlte
1339 4144 1440 4198 clrurclr
1456 4144 1491 4212 of

298 4225 446 4290 Wltt'tutell,
459 4226 590 4290 Rutland,
604 4233 707 4280 vacant
715 4227 749 4296 by
759 4227 804 4280 tlte
810 4228 985 4296 presennent
992 4228 1028 4296 os
1034 4227 1160 4282 Richard
1167 4227 1202 4280 de
1214 4227 1313 4290 Cant]

317 4361 812 4444 WHITEWELLE.-Johannes
842 4362 885 4426 de
918 4362 1109 4444 Meauteby‚
1139 4362 1372 4438 subdiaconus,
1414 4382 1486 4444 pre-

226 4475 380 4528 sentatus
396 4485 455 4547 per
473 4466 618 4528 Priorem
636 4465 774 4529 fratrum
801 4465 989 4548 Hospitalis
1011 4465 1295 4548 Jherosolimitani
1311 4465 1344 4528 in
1362 4465 1487 4547 Anglia

227 4568 271 4633 ad
287 4569 461 4633 ecclesiam
478 4570 521 4633 de
545 4569 761 4646 Whitewelle‚
777 4580 952 4633 vacantem
976 4569 1123 4651 eoquod
1142 4569 1304 4652 Magister
1323 4567 1486 4631 Ricardus

228 4673 272 4736 de
288 4673 394 4749 Cant',
410 4673 528 4736 ultimo
552 4684 659 4736 rector
680 4673 841 4755 ejusdem,
857 4673 946 4736 aliud
972 4673 1096 4756 recepit
1118 4672 1324 4749 beneficium,
1339 4673 1402 4748 cui,
1416 4683 1487 4749 etc,

227 4775 318 4840 sacta
334 4777 425 4859 prius
443 4777 656 4859 inquisitione
674 4798 733 4859 per
749 4778 798 4854 R.,
814 4777 1002 4842 Officialem
1021 4776 1287 4858 Norhamptonie
1302 4796 1487 4858 perquam,

229 4889 301 4956 etc,
317 4878 360 4943 ad
376 4879 518 4942 eandem
536 4879 701 4943 admissus
717 4890 776 4957 est,
788 4889 849 4943 etc.
896 4880 943 4943 Et
958 4880 1154 4943 mandatum
1170 4889 1222 4942 est
1236 4878 1327 4941 dicto
1344 4878 1486 4944 Officiali

231 4992 276 5060 ut,
290 4993 352 5047 etc.
395 4981 452 5064 [ln
468 4982 521 5045 tlte
536 4983 667 5065 margin
679 4983 748 5066 .·—]
788 4983 864 5046 Non
881 4982 1044 5046 habemus
1060 4983 1186 5045 litteras
1202 4982 1465 5064 presentationis.
