3609 5642
316 559 383 651 138
657 553 792 628 Rutuli
813 551 991 651 Hugonz's
1017 551 1060 625 de
1095 551 1228 626 Welles

313 709 480 716 -.——-.-
511 708 604 713 --.--
1165 704 1218 709 -
1253 703 1287 708 .-
1313 703 1319 708 -
1348 703 1460 708 ---—
1500 703 1566 710 ..-....

309 793 432 859 [Gilbett
442 791 631 860 Marescaiius,
644 789 753 858 acolyte,
760 789 912 859 presented
925 789 958 857 by
969 788 1015 842 tite
1025 788 1114 842 Atbot
1122 787 1183 840 and
1194 788 1320 841 Conveni
1328 789 1364 856 os
1374 787 1571 850 Westminster,

374 877 398 926 is
410 873 555 926 instituted
569 879 595 926 to
608 872 654 925 the
665 871 765 925 chureii
777 873 812 940 os
821 871 956 933 Oaleitam,
969 870 1103 923 Rutland.
1137 871 1254 924 Several
1262 871 1355 938 rights
1364 884 1413 922 are
1424 869 1572 934 reservet]

399 990 815 1057 Onnum-Gilebertus
840 990 1066 1066 MarescalluS,
1088 989 1257 1066 accolitus
1280 999 1491 1072 presentatus
1514 1011 1575 1072 per

311 1095 482 1159 Abbatem
514 1107 547 1158 et
585 1105 786 1158 conventum
821 1093 864 1158 de
903 1093 1204 1157 Westmonasterio
1242 1092 1285 1156 ad
1320 1093 1495 1156 ecclesiam
1526 1093 1570 1157 de

311 1198 496 1274 Hochame,
512 1197 600 1261 facta
615 1198 705 1279 prius
722 1197 936 1278 inquisitione
948 1217 1007 1278 per
1020 1196 1069 1272 R.,
1084 1195 1367 1259 Archidiaconum
1380 1196 1411 1258 N
1414 1196 1572 1279 urhamp

310 1303 411 1379 tonie,
427 1323 486 1384 per
501 1322 612 1384 quam,
627 1312 697 1377 etc,
713 1300 755 1364 ad
772 1300 915 1364 eandem
931 1299 1097 1363 admissus
1112 1311 1171 1376 est,
1186 1309 1269 1378 etc.;
1291 1302 1385 1363 salvo
1400 1300 1574 1364 Willelmo

309 1405 461 1488 ejusdem
493 1404 632 1468 ecclesie
655 1405 778 1468 vicario
808 1414 842 1468 et
873 1404 1008 1487 Rogero
1033 1402 1077 1466 de
1108 1403 1234 1469 Sancto
1259 1403 1415 1485 Johanne
1444 1404 1569 1468 vicario

312 1510 438 1594 capelle
452 1509 496 1573 de
513 1510 735 1572 Brantestone
748 1507 821 1590 jure
836 1529 898 1571 suo
913 1508 1004 1590 quod
1020 1507 1145 1570 habent
1162 1509 1194 1570 in
1212 1509 1292 1591 ipsis
1307 1509 1437 1572 vicariis
1451 1531 1459 1585 ;
1480 1509 1574 1572 salvo

309 1616 410 1702 etiam
428 1611 587 1689 Galsrid0,
610 1613 666 1694 qui
690 1611 853 1694 capellam
876 1610 919 1674 de
944 1610 1194 1692 Gnossingtone
1216 1612 1333 1689 tenuit,
1353 1611 1428 1693 jure
1450 1634 1521 1689 suo,
1543 1613 1571 1674 si

289 1717 399 1801 'quod
415 1717 525 1793 habet,
541 1717 573 1779 in
590 1715 731 1793 eadem;
756 1723 976 1798 protestatum
999 1725 1050 1778 est
1065 1716 1167 1778 etiam
1191 1735 1250 1799 per
1271 1715 1445 1779 dominum
1474 1715 1573 1798 Epis-

311 1841 431 1904 copum
464 1841 623 1902 expresse
653 1819 742 1900 quod
774 1818 883 1882 dictus
915 1816 1104 1882 Gilebertus
1134 1818 1262 1881 nullum
1302 1819 1424 1883 habeat
1451 1818 1507 1900 jus
1538 1819 1572 1882 in

308 1925 447 1990 ecclesia
462 1923 505 1986 de
523 1923 737 1986 Hameldone
752 1923 912 2004 perhanc
937 1923 1189 1986 institutionem.
1235 1923 1281 1986 Et
1297 1920 1495 1986 mandatum
1519 1931 1572 1986 est

309 2029 401 2092 dicto
432 2024 679 2089 Archidiacono
710 2035 747 2088 ut
777 2023 961 2088 secundum
993 2024 1135 2088 formam
1166 2026 1372 2106 premissam,
1401 2035 1463 2089 etc
1519 2025 1575 2089 De

310 2131 470 2214 pensione
486 2130 519 2193 in
530 2128 712 2192 matricula.
759 2128 804 2191 Et
817 2127 1004 2209 injunctum
1017 2138 1068 2192 est
1080 2128 1171 2192 dicto
1184 2128 1364 2206 Gilebert0,
1379 2130 1442 2192 sub
1457 2128 1574 2193 debito

308 2234 488 2315 juramenti
504 2233 642 2315 prestiti,
652 2252 694 2295 ne
706 2233 901 2315 pensionem
914 2233 1053 2314 petitam
1064 2233 1173 2296 solvat
1189 2233 1361 2296 monachis
1378 2232 1573 2296 memoratis

310 2358 484 2420 quousque
499 2336 672 2400 docuerint
696 2337 802 2419 ipsam
826 2335 975 2399 debitam
999 2357 1072 2399 esse
1086 2347 1121 2400 et
1144 2338 1326 2420 antiquam.
1376 2336 1572 2418 lnjunctum

309 2451 360 2506 est
375 2441 476 2505 etiam
492 2440 611 2518 eidem,
626 2440 688 2503 sub
703 2439 822 2503 eodem
845 2439 970 2517 debito,
986 2451 1023 2504 ut
1038 2441 1080 2503 ad
1106 2442 1279 2523 proximos
1301 2441 1436 2505 ordines
1458 2442 1573 2504 veniat

313 2544 530 2609 Huntedonie
545 2543 750 2608 ordinandus
766 2567 772 2622 ;
794 2544 942 2626 alioquin
965 2545 1105 2608 ecclesia
1128 2566 1188 2608 sua
1204 2545 1353 2628 predicta
1376 2546 1410 2608 in
1426 2545 1573 2608 crastino

311 2651 383 2712 sine
420 2648 684 2713 contradictione
722 2649 754 2710 in
785 2668 905 2710 manus
934 2648 1062 2711 domini
1102 2649 1261 2732 Episcopi
1300 2649 1570 2731 sequestrabitur.

312 2752 449 2836 [Added
460 2751 579 2835 later:]
625 2753 844 2835 Prorogatum
860 2763 912 2816 est
924 2761 1058 2835 tempus
1069 2772 1173 2835 usque
1185 2752 1228 2816 ad
1243 2750 1570 2835 proximosordines.

312 3097 422 3166 [Hem
432 3097 466 3150 de
476 3097 506 3148 E
507 3096 617 3160 ltedene,
629 3096 798 3154 subdemeri.
811 3095 928 3148 collated
936 3095 969 3163 by
979 3095 1025 3148 tite
1035 3095 1148 3163 Bishup.
1165 3097 1235 3148 with
1246 3096 1292 3149 tite
1303 3100 1415 3150 consent
1423 3095 1459 3162 os
1465 3095 1572 3158 Robert,

375 3195 425 3232 son
436 3180 471 3247 of
476 3177 571 3230 Adam
583 3177 617 3230 de
627 3177 743 3235 Eissebi,
755 3179 780 3230 is
791 3176 936 3230 instituted
943 3181 971 3229 io
982 3177 1028 3230 the
1039 3176 1140 3230 chureii
1153 3178 1188 3245 of
1199 3177 1226 3228 Τ
1222 3177 1334 3245 tornty.
1372 3177 1399 3228 T
1394 3177 1429 3229 te
1438 3177 1571 3244 vt'tarage

375 3261 400 3312 is
410 3259 540 3313 reserued
548 3265 575 3312 to
590 3259 616 3310 Τ
612 3263 712 3320 etstan,
725 3259 770 3311 tite
781 3257 933 3327 etapium]

399 3376 814 3443 TURLEBY.¹-Henricus
835 3377 878 3440 de
898 3377 1074 3455 Eltedone,
1089 3377 1322 3454 subdiaconus,
1338 3378 1390 3440 cui
1414 3378 1573 3442 dominus

315 3483 502 3567 Episcopus
533 3482 707 3545 ecclesiam
738 3481 781 3545 de
811 3482 961 3564 Turleby
987 3481 1138 3558 contulit,
1162 3481 1300 3546 Roberti
1332 3480 1390 3545 filii
1422 3483 1499 3547 Ade
1528 3482 1573 3546 de

314 3586 453 3664 Eissebi,
469 3587 610 3668 patroni,
633 3606 796 3649 consensu
821 3587 1071 3662 interveniente,
1087 3586 1130 3649 ad
1153 3585 1296 3649 eandem
1320 3586 1487 3650 admissus
1508 3597 1570 3662 est,

311 3701 393 3768 etc.;
416 3691 508 3754 salva
531 3690 707 3766 Torstan0,
722 3689 906 3772 capellan0,
921 3690 1043 3754 vicaria
1065 3689 1189 3752 ibidem
1206 3711 1265 3772 per
1279 3689 1455 3753 dominum
1473 3691 1571 3774 Epis-

312 3814 435 3876 copum
475 3793 517 3856 de
555 3812 718 3855 consensu
750 3792 974 3874 predictorum
1013 3792 1174 3855 ordinata
1221 3791 1267 3857 Et
1297 3791 1484 3873 injunctum
1522 3803 1574 3856 est

312 3896 456 3962 Officiali
474 3895 711 3959 Archidiaconi
728 3904 773 3972 ut,
788 3905 849 3958 etc.

309 4155 351 4225 [Τ
347 4158 446 4217 etstan,
458 4153 596 4220 chupluin,
609 4151 727 4205 collated
734 4152 768 4219 by
778 4151 823 4204 tite
833 4151 948 4219 Be'sieop,
960 4150 1029 4205 with
1039 4152 1084 4205 tite
1095 4157 1207 4204 consent
1218 4151 1253 4219 os
1259 4151 1364 4213 Robert,
1376 4167 1427 4203 son
1434 4151 1573 4219 osAdam

374 4235 408 4288 de
419 4235 533 4296 Eusebi,
545 4236 570 4286 is
580 4233 726 4286 instituted
733 4235 814 4286 vicar
823 4233 858 4301 of
864 4233 910 4286 tite
919 4250 1002 4286 sanie.
1036 4234 1064 4285 Α
1070 4235 1191 4301 pensiore
1202 4235 1228 4285 is
1237 4233 1291 4286 due
1301 4239 1329 4285 to
1340 4233 1386 4285 the
1396 4237 1502 4297 recten]

397 4355 560 4418 VICARIA
584 4353 967 4429 IBIDEM.—-Torstanu5,
990 4352 1193 4434 capellanus,
1216 4354 1268 4414 cui
1292 4351 1450 4415 dominus
1474 4351 1573 4435 Epis·

310 4479 414 4541 copus
437 4457 592 4520 vicariam
616 4456 754 4519 ecclesie
776 4455 819 4519 de
842 4455 979 4519 Turlebi
1003 4456 1153 4533 contulit,
1177 4456 1316 4519 Roberti
1344 4455 1402 4518 filii
1428 4455 1507 4518 Ade
1529 4457 1573 4520 de

312 4561 451 4639 Eissebi,
467 4561 607 4644 patroni,
622 4572 656 4623 et
675 4559 811 4623 Henrici
835 4560 877 4623 de
901 4560 1077 4636 Eltedone,
1092 4559 1243 4641 ejusdem
1266 4558 1406 4623 ecclesie
1421 4580 1573 4642 persone,

310 4666 551 4729 interveniente
588 4683 761 4740 consensu,
791 4662 879 4726 facta
911 4664 1001 4746 prius
1038 4663 1252 4746 inquisitione
1282 4683 1342 4744 per
1372 4662 1422 4738 R.,
1455 4661 1573 4726 Archi-

310 4768 488 4833 diaconum
508 4767 783 4850 Norhamptonie,
800 4788 858 4849 per
873 4787 985 4849 quam,
1001 4777 1071 4844 etc,
1094 4767 1136 4830 ad
1152 4767 1297 4830 eandem
1320 4786 1397 4829 cum
1414 4786 1515 4830 onere
1537 4777 1573 4831 et

502 5005 509 5036 ¹
523 5007 566 5057 An
580 5004 697 5058 unusual
711 5003 795 5068 iorm;
813 5019 863 5056 see
874 5020 902 5071 p.
918 5017 964 5069 ¹4²
976 5004 1018 5056 ior
1029 5020 1107 5057 same
1118 5004 1193 5056 vicar
1204 5003 1260 5055 and
1272 5010 1379 5071 patron.
