3609 5642
339 567 406 634 126
683 559 820 632 Rotulz'
835 557 1012 656 Hugonis
1037 558 1081 632 de
1107 557 1240 632 Welles

332 796 464 864 [Stephen
475 795 510 848 de
520 794 703 864 Luffenlram',
713 793 828 858 clerksis
839 793 985 846 tastituted
993 798 1020 846 to
1031 795 1077 847 tlte
1086 793 1188 848 church
1198 794 1235 862 of
1240 794 1343 856 Pilton,
1355 793 1488 859 Ruttand,
1500 811 1538 847 rm
1549 795 1595 848 tlte

392 878 583 946 presentan'on
593 876 630 944 of
635 875 843 930 Bartholomew
854 875 888 929 de
898 876 1015 941 Pliten]

424 995 841 1080 Pmoun—Stephanus
857 996 900 1060 de
918 995 1136 1072 Luffenham’,
1146 996 1371 1080 cappellanus,
1383 1007 1594 1081 presentatus

332 1123 391 1185 per
412 1101 685 1165 Bartholomeum
708 1100 752 1163 de
775 1100 893 1163 Pilton'
917 1100 960 1164 ad
983 1100 1157 1163 ecclesiam
1177 1099 1220 1163 de
1241 1101 1361 1164 Pilton'
1388 1103 1477 1165 sacta
1504 1103 1595 1185 prius

333 1207 547 1289 inquisitione
586 1226 644 1290 per
675 1206 724 1282 R,
756 1204 943 1270 Officialem
976 1205 1213 1268 Archidiaconi
1249 1205 1526 1288 Norbamptonie‚
1560 1215 1595 1268 et

332 1310 484 1373 Waltero
498 1308 599 1373 fratre
614 1311 717 1393 ipsius
734 1308 990 1392 B[artholomei]
1006 1310 1096 1391 prius
1112 1319 1304 1392 presentato
1319 1320 1455 1392 propter
1470 1309 1595 1372 littera-

333 1424 405 1478 ture
428 1412 695 1477 insufficientiam
716 1413 959 1477 sententialiter
974 1413 1126 1489 reiutato,
1143 1433 1201 1495 per
1215 1432 1291 1494 que,
1305 1421 1376 1490 etc,
1392 1411 1435 1475 ad
1450 1411 1594 1476 eandem

332 1518 498 1581 admissus
517 1527 568 1580 est
584 1527 618 1580 et
638 1517 671 1580 in
691 1538 732 1580 ea
751 1538 828 1580 cum
844 1537 944 1580 onere
963 1525 998 1580 et
1017 1536 1104 1599 pena
1123 1517 1321 1579 vicariorum
1341 1516 1501 1580 canonice
1522 1537 1595 1598 per·

332 1643 415 1694 sona
431 1623 610 1684 institutus
653 1621 699 1684 Et
716 1620 915 1684 mandatum
931 1629 983 1684 est
1000 1619 1248 1683 Archidiacono
1265 1620 1534 1703 Norbamptonie
1549 1629 1596 1695 ut,

319 1713 393 1790 etc.
440 1725 517 1787 Non
535 1724 696 1788 habemus
713 1725 839 1788 litteras
856 1723 1120 1806 presentationis.

332 2067 475 2138 [Willr'am
499 2069 534 2122 de
555 2068 688 2136 Watsord,
712 2068 852 2135 chaplaim
873 2069 897 2122 is
919 2068 1066 2121 instituted
1084 2073 1112 2120 to
1128 2067 1174 2120 tlte
1194 2068 1327 2135 vicarage
1348 2068 1384 2135 os
1398 2067 1438 2120 St.
1449 2067 1530 2134 John
1550 2067 1595 2120 tlte

398 2150 514 2219 Baptist,
528 2151 740 2218 Peterborouglt,
757 2166 794 2202 on
811 2150 857 2202 the
868 2151 1058 2217 presentatabn
1075 2151 1111 2218 of
1123 2149 1169 2202 tlte
1183 2148 1274 2202 Attot
1290 2149 1351 2201 and
1366 2149 1500 2202 convent.
1537 2151 1565 2202 Τ
1561 2151 1595 2204 lte

397 2235 530 2302 vicarage
540 2234 566 2286 is
575 2238 617 2286 set
626 2233 693 2301 out]

419 2355 583 2418 VICARIA
601 2367 650 2415 DE
668 2353 1028 2417 BURG’.-—Willelmus
1043 2352 1086 2417 de
1102 2350 1266 2428 Watsord,
1282 2351 1508 2434 cappellanus,
1521 2373 1592 2436 pre-

332 2467 483 2522 sentatus
510 2479 569 2541 per
596 2457 765 2521 Abbatem
793 2466 828 2521 et
852 2467 1054 2520 conventum
1081 2456 1124 2520 de
1151 2456 1263 2538 Burgo
1288 2455 1404 2520 Sancti
1431 2458 1518 2521 Petri
1549 2457 1592 2520 ad

332 2571 527 2644 perpetuam
552 2561 709 2624 vicariam
739 2561 878 2624 ecclesie
906 2560 1022 2626 Sancti
1048 2559 1212 2643 Johannis
1238 2559 1390 2642 Baptiste
1415 2561 1448 2622 in
1473 2559 1591 2624 eadem

332 2664 418 2743 villa,
438 2665 526 2729 iacta
546 2665 636 2748 prius
661 2665 875 2747 inquisitione
895 2685 954 2746 per
975 2665 1024 2741 R,
1040 2663 1227 2729 Officialem
1249 2662 1486 2727 Archidiaconi
1508 2664 1592 2727 Nor-

332 2767 537 2851 hamptonie,
556 2789 615 2851 per
635 2789 746 2851 quarn,
762 2777 833 2845 etc,
853 2766 895 2830 ad
916 2767 1058 2831 eandem
1079 2766 1245 2830 admissus
1263 2777 1316 2830 est
1334 2776 1368 2830 et
1393 2768 1426 2829 in
1451 2787 1492 2830 ea
1516 2788 1589 2831 curn

331 2893 432 2935 onere
450 2881 485 2935 et
505 2892 593 2954 pena
612 2872 809 2935 vicariorum
835 2872 976 2935 vicarius
1001 2881 1180 2954 perpetuus
1205 2871 1384 2935 institutus.
1430 2870 1591 2936 Consistit

331 2985 444 3039 autem
462 2976 534 3057 ipsa
550 2975 672 3038 vicaria
693 2975 725 3037 in
743 2975 841 3038 tertia
857 2983 952 3057 parte
967 2973 1172 3038 decimarum
1193 2974 1268 3037 lane
1283 2983 1317 3037 et
1336 2973 1404 3052 lini,
1419 2995 1591 3058 agnorum,

332 3078 562 3161 purcellorum,
587 3078 763 3162 pullorum,
788 3078 977 3155 vitulorum,
1001 3099 1169 3154 aucarum,
1193 3087 1227 3141 et
1254 3078 1352 3142 tertia
1383 3088 1477 3161 parte
1503 3078 1590 3143 deci·

332 3203 460 3246 marum
480 3192 701 3246 mercatorum
718 3192 753 3245 et
773 3183 871 3246 tertia
891 3192 986 3265 parte
1001 3183 1152 3246 omniurn
1169 3182 1382 3246 candelarum
1403 3182 1589 3246 oblatarum

330 3295 365 3350 et
390 3287 422 3350 in
447 3285 628 3351 medietate
650 3287 800 3349 omniurn
824 3285 1037 3350 denariorum
1059 3285 1241 3349 missalium
1264 3296 1477 3368 preterquam
1501 3285 1590 3371 apud

332 3391 449 3474 Thorp
473 3391 529 3454 ubi
546 3391 686 3454 vicarius
710 3391 850 3473 percipit
874 3411 992 3454 omnes
1014 3389 1179 3454 denarios¹
1202 3389 1352 3453 missales
1375 3399 1410 3454 et
1437 3392 1471 3454 in
1494 3393 1591 3456 tertia

332 3504 426 3578 parte
442 3495 593 3558 omnium
610 3493 751 3557 aliarum
775 3493 984 3557 oblationum
1004 3503 1150 3577 excepto
1166 3513 1252 3576 pane
1272 3516 1348 3558 cum
1369 3497 1590 3579 companagio

330 3609 366 3662 et
380 3599 533 3682 exceptis
548 3597 777 3661 oblationibus
793 3597 836 3661 ad
856 3598 1101 3661 consessionem
1118 3599 1388 3681 provenientibus
1397 3609 1432 3664 et
1446 3611 1591 3684 excepta

330 3702 462 3766 decima
492 3701 588 3765 lactis
617 3711 652 3765 et
681 3710 830 3765 ortorum
861 3722 928 3783 que
957 3701 1099 3765 vicarius
1129 3702 1276 3765 totaliter
1307 3702 1449 3786 percipit
1472 3713 1507 3767 et
1531 3725 1590 3768 ex-

330 3815 430 3889 cepta
456 3815 493 3870 ut
522 3807 555 3868 in
583 3805 691 3888 parte²
717 3805 874 3888 opposita
899 3804 1007 3888 [verte
1032 3805 1162 3888 folium]
1175 3827 1182 3883 ;
1209 3807 1362 3889 exceptis
1387 3807 1490 3870 etiarn
1518 3818 1590 3872 toto

295 3983 298 3989 ¹
330 3911 467 3994 cyragio
482 3919 516 3973 et
540 3910 696 3973 omnibus
712 3909 938 3973 oblationibus
957 3931 1033 3973 curn
1053 3931 1190 3992 corpore
1207 3911 1351 3994 presenti
1367 3912 1591 3994 provenienti-

330 4015 393 4078 bus
408 4026 442 4077 et
458 4014 567 4097 primo
586 4023 798 4090 testamento,
814 4034 879 4096 que
898 4014 1037 4077 sacrista
1057 4015 1203 4098 percipit.
1253 4014 1415 4079 Consistit
1433 4017 1537 4079 etiam
1557 4017 1588 4080 in

331 4117 416 4198 xxiij
434 4117 518 4180 acris
533 4126 619 4180 terre
634 4117 768 4181 arabilis
789 4138 865 4180 cum
887 4137 1006 4180 manso
1025 4127 1237 4200 competente
1257 4119 1379 4182 vicario
1398 4117 1441 4181 ad
1462 4118 1589 4182 inhabi-

330 4221 470 4286 tandum
483 4221 654 4304 assignato
670 4231 704 4284 et
720 4221 752 4284 in
766 4221 937 4284 cotidiano
952 4220 1101 4284 corredio
1112 4220 1209 4283 unius
1222 4222 1385 4298 monachi,
1397 4223 1445 4285 ita
1454 4221 1589 4305 quidem

329 4326 420 4409 quod
437 4327 577 4390 vicarius
594 4325 673 4388 illud
690 4325 827 4389 habebit
844 4325 886 4388 ad
905 4346 1055 4389 mensam
1069 4325 1214 4389 Abbatis
1229 4346 1305 4389 curn
1322 4325 1463 4389 voluerit
1479 4326 1530 4390 vel
1546 4327 1589 4392 ad

329 4430 467 4494 domum
485 4450 579 4492 suam
596 4429 716 4493 deferri
738 4430 837 4493 saciet
852 4431 1007 4511 quotiens
1027 4429 1059 4493 id
1081 4431 1143 4493 sibl
1164 4431 1271 4513 magis
1290 4429 1409 4493 viderit
1428 4430 1591 4514 expedire

329 4544 363 4598 et
383 4534 471 4597 valet
490 4533 612 4597 vicaria
632 4533 816 4597 secundum
838 4533 1085 4598 estimationem
1107 4533 1244 4617 capituli
1267 4533 1420 4616 exceptis
1445 4533 1590 4598 denariis

330 4637 518 4701 missalibus
542 4637 577 4720 xj
603 4638 704 4701 libras
726 4648 759 4701 et
783 4637 865 4718 xviij
893 4637 1057 4701 denarios.
1104 4637 1149 4702 Et
1174 4637 1371 4701 mandatum
1394 4646 1447 4701 est
1470 4636 1590 4701 Archi·

328 4740 471 4805 diacono
487 4750 532 4819 ut,
548 4751 609 4805 etc.

332 4879 406 4887 ——-
411 4877 536 4886 ——n—
1163 4878 1274 4884 ——.—
1280 4879 1295 4884 --
1299 4879 1425 4886 --.....-.

394 4938 403 4968 ¹
416 4937 507 4989 There
520 4952 566 4989 are
578 4937 642 4989 dots
654 4937 775 4989 beneath
789 4937 935 4990 “denarios
941 4938 960 4997 ”,
973 4938 1028 4990 and
1040 4938 1232 4991 “oblationes'’
1243 4939 1267 4991 is
1279 4938 1388 4990 written
1400 4938 1489 4990 above
1502 4939 1530 4990 lt.

395 5019 478 5072 ’The
490 5017 583 5073 words
597 5023 639 5072 “et
652 5027 769 5090 excepta
788 5059 793 5072 .
811 5059 817 5070 .
837 5059 842 5071 .
860 5019 1003 5090 opposita”
1014 5035 1062 5072 are
1074 5020 1166 5072 added
1179 5021 1268 5072 above
1280 5020 1328 5072 the
1340 5020 1401 5074 line.
