3609 5642
352 574 422 661 258
703 574 837 647 Rutuli
853 572 1028 669 Hugonz's
1054 574 1098 647 de
1124 574 1256 646 Welles

351 811 479 874 matrici
502 812 641 876 ecclesie
663 813 707 877 de
731 813 924 879 Pokebroce
940 835 1089 878 annuum
1112 812 1279 877 redditum
1301 814 1401 877 trium
1426 812 1605 877 solidorum

349 934 449 995 quem
466 916 626 999 percipiet
643 927 750 981 rector
771 918 923 999 ejusdem
947 918 1096 994 ecclesie,
1112 918 1168 999 qui
1190 936 1250 999 pro
1267 927 1420 999 tempore
1443 916 1550 995 suerit,
1565 910 1606 981 de

235 1056 237 1062 .
352 1017 531 1082 Salomone
547 1021 590 1084 de
607 1021 799 1104 Stangrund
823 1032 857 1085 et
879 1022 953 1104 ejus
969 1022 1157 1098 heredibus,
1173 1022 1229 1103 qui
1253 1020 1379 1084 scilicet
1397 1019 1556 1085 Salomon
1574 1022 1604 1084 in

350 1123 413 1185 hoc
429 1125 641 1188 consentiens
657 1127 690 1187 in
706 1126 801 1189 initio
818 1125 917 1207 hujus
933 1126 1125 1189 donationis
1141 1136 1176 1189 et
1188 1125 1413 1188 concessionis
1428 1145 1505 1188 cum
1516 1128 1605 1189 omni

351 1227 486 1307 sequela
501 1248 561 1291 sua
576 1238 764 1293 attomatus
788 1229 849 1293 fuit
864 1230 1003 1295 ecclesie
1021 1240 1204 1293 memorate
1221 1230 1252 1292 in
1277 1228 1425 1305 liberam,
1441 1248 1558 1311 puram
1573 1240 1606 1293 et

351 1342 546 1413 perpetuam
577 1332 807 1409 elemosinam,
838 1343 875 1396 ut
900 1334 971 1416 ipse
997 1332 1159 1397 Salomon
1184 1342 1218 1396 et
1249 1332 1387 1395 heredes
1418 1334 1468 1395 sui
1498 1332 1605 1397 eidem

350 1434 488 1499 ecclesie
503 1436 635 1500 solvant
650 1438 822 1500 servitium
839 1436 1046 1501 antedictum
1063 1447 1098 1500 et
1121 1437 1224 1519 ipsius
1239 1436 1379 1501 ecclesie
1401 1436 1551 1499 dominio
1574 1438 1605 1500 in

352 1549 548 1620 perpetuum
566 1551 760 1605 remaneant
775 1542 903 1624 absque
919 1542 1010 1603 omni
1035 1550 1264 1604 retenemento
1287 1540 1444 1623 predictis
1462 1539 1607 1604 Radulfo

350 1653 384 1707 et
407 1643 530 1708 ,Alicie
568 1645 619 1707 vel
657 1643 835 1708 heredibus
865 1665 980 1708 eorum
1013 1644 1116 1726 quieti
1147 1653 1181 1705 et
1212 1643 1320 1705 soluti.
1373 1644 1463 1707 Dicti
1495 1654 1605 1708 autern

352 1746 517 1809 Radulius
540 1756 574 1810 et
598 1746 717 1824 Alieia‚
732 1767 775 1812 ne
795 1749 858 1831 ipsi
878 1747 929 1811 vel
954 1747 1091 1810 heredes
1105 1766 1229 1821 ,eorum
1249 1745 1374 1827 aliquid
1398 1756 1514 1810 eontra
1535 1768 1606 1829 pre-

351 1852 452 1915 missa
482 1851 514 1913 in
554 1850 774 1933 prejudicium
802 1851 886 1933 juris
917 1851 1056 1915 ecclesie
1085 1849 1128 1913 de
1161 1850 1354 1914 Pokebroce
1389 1852 1439 1913 vel
1470 1851 1607 1915 ecclesie

352 1954 594 2019 Lincolniensis
610 1953 718 2019 iacere
733 1956 784 2019 vel
801 1956 980 2038 impetrare
996 1955 1134 2037 possint,
1152 1953 1366 2034 subjecerunt
1381 1975 1417 2017 se
1433 1974 1494 2036 pro
1516 1975 1553 2017 se
1574 1965 1608 2018 et

351 2058 527 2121 heredibus
542 2058 611 2120 suis
631 2058 852 2139 jurisdictioni
871 2058 1116 2121 Lincolniensis
1132 2058 1281 2139 episcopi
1297 2058 1354 2138 qui
1379 2077 1440 2138 pro
1456 2067 1607 2141 tempore

351 2162 457 2238 suerit,
480 2162 571 2224 omni
595 2161 820 2244 appellatione
843 2172 877 2226 et
900 2162 1135 2242 impetratione
1156 2161 1373 2237 cessantibus
1396 2170 1433 2223 ut
1456 2161 1555 2224 liceat
1577 2163 1606 2226 ei

350 2267 440 2349 ipsos
455 2278 490 2329 et
505 2266 644 2329 heredes
659 2286 737 2328 suos
760 2265 802 2328 ad
827 2266 1064 2348 premissorum
1089 2264 1337 2327 observantiam
1363 2262 1472 2327 modis
1487 2264 1608 2346 quibus

351 2368 470 2432 viderit
507 2369 668 2451 expedire
705 2369 888 2433 cohercere.
951 2368 1023 2430 Nos
1061 2377 1173 2430 antem
1205 2367 1319 2429 omnia
1358 2366 1507 2449 predicta
1538 2376 1608 2431 rata

350 2483 513 2557 quantum
537 2474 571 2535 in
587 2471 684 2536 nobis
698 2483 750 2536 est
772 2471 935 2535 habentes
951 2482 985 2535 et
1008 2481 1103 2554 grata
1118 2491 1158 2535 ea
1181 2470 1362 2552 episcopali
1387 2469 1608 2535 confimamus

351 2578 556 2643 auctoritate„
604 2577 643 2639 ln
670 2576 765 2658 cujus
790 2577 835 2639 rei
865 2576 1096 2639 testimonium
1128 2576 1274 2657 presenti
1305 2576 1430 2657 scripto
1461 2576 1606 2658 sigillum

352 2690 501 2745 nostrum
519 2680 679 2743 duximus
694 2680 943 2763 apponendum,
959 2680 1023 2742 hiis
1038 2680 1190 2753 testibus,
1203 2679 1357 2761 Johanne
1374 2678 1608 2741 archidiacono

353 2786 385 2850 N
388 2785 630 2866 orhamptonie,
646 2784 785 2847 Warino
801 2783 843 2847 de
857 2782 1044 2847 Kirketone
1055 2794 1089 2847 et
1106 2784 1145 2846 R.
1159 2781 1201 2845 de
1220 2782 1409 2858 Bolesoure,
1419 2782 1608 2863 capellanie,

354 2889 525 2971 Magistris
542 2888 593 2951 W.
610 2887 653 2951 de
670 2888 909 2951 Wermenistre
925 2898 959 2950 et
984 2888 1022 2949 R.
1048 2886 1091 2951 de
1107 2886 1309 2960 Wendoure,
1325 2885 1376 2948 W.
1394 2885 1436 2949 de
1453 2886 1607 2949 Winche-

352 2990 480 3066 cumbe,
497 2991 536 3054 R.
552 2990 596 3055 de
611 2990 749 3055 Oxonia
771 3001 805 3053 et
825 2991 863 3053 T.
886 2989 930 3053 de
951 2989 1101 3073 Askeby,
1118 2990 1286 3052 canonicis
1311 2988 1607 3065 Lincolniensibus,

354 3096 518 3179 Magistro
540 3096 581 3159 A.
604 3096 648 3160 de
674 3096 848 3172 Arundell,
864 3095 902 3159 G.
927 3096 969 3159 de
995 3096 1099 3157 Moris
1125 3106 1159 3157 et
1179 3094 1212 3159 S.
1236 3094 1279 3157 de
1298 3093 1453 3169 Castello,
1474 3094 1606 3157 clericis.

354 3200 432 3263 Dat’
448 3220 508 3283 per
524 3219 660 3263 manum
672 3210 822 3263 nostrum
834 3199 923 3282 apud
936 3198 1116 3281 Tingherst
1134 3197 1243 3261 idibus
1257 3197 1383 3279 Aprilis
1396 3197 1608 3279 pontificatus

353 3306 456 3367 nostri
473 3324 561 3367 anno
578 3306 672 3367 xxiii.

354 3578 463 3645 [Grant
476 3577 567 3646 hythe
578 3577 686 3645 Bishop
697 3583 724 3629 to
733 3578 780 3633 Itis
789 3592 926 3630 mcessor
935 3576 965 3628 in
982 3576 1027 3629 the
1038 3591 1081 3627 sce
1096 3574 1131 3641 of
1138 3572 1183 3627 the
1199 3574 1299 3627 church
1312 3574 1348 3641 os
1354 3574 1529 3639 Hamilleton,
1543 3574 1609 3627 Rur-

419 3659 494 3720 land,
513 3659 558 3711 the
571 3662 730 3727 patronage
748 3659 784 3726 os
798 3659 826 3721 it,
844 3674 862 3709 a
875 3658 995 3725 pensiori
1015 3658 1050 3724 τῇ
1062 3672 1115 3707 eos.
1134 3656 1209 3719 from
1228 3657 1274 3707 tlte
1294 3655 1394 3709 church
1415 3656 1451 3724 os
1463 3658 1501 3709 Sr.
1522 3656 1608 3713 Peter.

420 3739 571 3808 stamford,
584 3740 645 3792 and
652 3739 697 3792 the
707 3740 806 3808 chapel
815 3740 851 3807 os
857 3738 1028 3795 Braunston,
1042 3737 1189 3799 Rullond,·
1205 3736 1276 3805 May
1288 3741 1326 3794 18.
1340 3741 1424 3801 1232]

442 3859 609 3924 Omnibus
647 3868 707 3922 etc.
765 3858 905 3922 Noverit
943 3858 1140 3920 universitas
1178 3866 1287 3920 vestra
1325 3877 1386 3919 nos
1431 3856 1612 3932 ordinasse,

355 3964 557 4027 concessisse
572 3974 606 4026 et
622 3962 685 4025 hac
708 3963 852 4045 presenti
877 3970 969 4025 carta
993 3971 1106 4024 nostra
1129 3960 1344 4023 confirmasse
1367 3962 1612 4024 successoribus

356 4068 476 4131 nostris
491 4068 657 4150 episcopis
674 4065 971 4141 LincolniensibuS,
985 4066 1041 4147 qui
1059 4086 1119 4147 pro
1142 4076 1293 4142 tempore
1309 4063 1440 4139 suerint,
1455 4064 1546 4147 quod
1571 4065 1612 4129 de

356 4172 495 4236 ecclesia
525 4170 568 4234 de
600 4169 834 4233 Hameledone
864 4180 897 4234 et
928 4168 971 4232 de
999 4170 1074 4251 jure
1105 4178 1301 4251 patronatus
1328 4166 1478 4248 ejusdem
1507 4178 1540 4232 et
1571 4168 1613 4233 de

356 4274 516 4359 pensione
533 4274 649 4357 viginti
672 4272 854 4335 solidorum
877 4271 1076 4335 deecclesia
1100 4270 1187 4334 beati
1207 4272 1293 4333 Petri
1319 4270 1499 4335 Stansorde
1515 4284 1549 4335 et
1572 4272 1613 4335 de

357 4377 511 4442 omnibus
527 4376 599 4439 aliis
615 4376 823 4458 pertinentiis
846 4376 914 4438 suis
930 4386 963 4439 et
985 4375 1029 4438 de
1048 4373 1176 4457 capella
1195 4374 1237 4437 de
1254 4374 1520 4457 Bramptestone‚
1537 4396 1612 4438 cum

357 4503 414 4546 eas
444 4500 562 4543 vacare
592 4480 778 4563 contigerit,
802 4480 958 4543 ordinent
982 4479 1165 4542 secundum
1191 4478 1302 4540 Deum
1335 4492 1435 4559 prout
1468 4478 1614 4542 viderint

356 4584 526 4668 expedire,
542 4584 604 4646 nisi
620 4594 698 4647 ante
721 4584 895 4646 decessum
920 4592 1070 4646 nostrum
1094 4582 1137 4645 de
1160 4582 1286 4645 eisdem
1303 4581 1401 4644 aliter
1415 4581 1614 4645 duxerimus

358 4687 592 4764 ordinandum,
607 4686 706 4749 salvis
721 4696 782 4750 etc.
831 4686 869 4748 ln
884 4686 984 4767 hujus
1000 4696 1113 4749 autem
1135 4684 1364 4760 ordinationis
1380 4684 1614 4762 concessionis,

358 4802 392 4855 et
423 4790 684 4854 confirmationis
718 4799 831 4853 nostre
864 4789 1094 4853 testimonium
1128 4788 1273 4870 presenti
1310 4788 1436 4870 scripto
1466 4788 1613 4871 sigillum

360 4906 508 4957 nostrum
539 4893 699 4957 duximus
726 4891 974 4975 apponendum.
1037 4890 1159 4954 Actum
1185 4889 1274 4972 apud
1299 4890 1409 4955 Vetus
1432 4890 1612 4974 Templum

361 4996 611 5061 Londoniarum
628 5016 675 5060 xv
690 4994 852 5059 kalendas
867 4994 957 5081 Junii
975 4992 1188 5075 pontificatus
1205 4992 1308 5055 nostri
1325 5013 1415 5055 anno
1431 4994 1526 5057 xxiii.
