3609 5642
592 571 772 668 Episcopi
793 571 1076 645 Lz'ncolnz'ensz's.
1394 595 1464 663 209

208 813 358 876 Brochol'
375 812 498 876 factam
523 812 567 875 de
593 831 757 876 consensu
784 812 905 875 Prioris
932 821 966 876 et
991 821 1175 877 conventus
1197 813 1240 876 de
1267 813 1464 877 Brummore

205 917 363 980 dilectum
381 918 414 979 in
429 915 562 981 Christo
578 914 682 978 filium
702 916 902 998 Magistrum
917 916 1085 979 Thomam
1102 916 1144 980 de
1162 917 1285 993 Insula,
1298 918 1464 995 clericum,

204 1020 246 1084 ad
268 1021 427 1083 vicariam
451 1017 602 1099 ejusdem
628 1018 766 1082 ecclesie
787 1018 970 1097 admisisse,
987 1020 1164 1103 ipsumque
1190 1022 1223 1083 in
1245 1041 1285 1084 ea
1304 1024 1464 1085 canonice

204 1124 362 1187 vicarium
386 1132 584 1205 perpetuum
601 1123 784 1186 instituisse
791 1146 799 1201 ;
822 1121 890 1205 qui¹
907 1123 1043 1205 quidem
1057 1134 1163 1187 totam
1182 1124 1271 1187 illam
1289 1123 1463 1189 ecclesiam

205 1230 340 1293 nomine
362 1228 484 1291 vicarie
506 1246 566 1289 sue
588 1227 781 1308 possidebit,
797 1228 908 1309 quoad
934 1228 1064 1304 vixerit,
1081 1228 1252 1292 reddendo
1275 1229 1353 1292 inde
1374 1228 1464 1293 dicto

203 1332 348 1414 Johanni
364 1340 399 1394 et
415 1330 660 1394 successoribus
675 1332 743 1394 suis
758 1315 908 1411 ejusdem
925 1331 1064 1395 ecclesie
1075 1333 1225 1413 personis
1235 1331 1319 1394 duas
1336 1352 1464 1396 marcas

204 1455 332 1498 annuas
348 1435 485 1498 nomine
501 1434 684 1517 pensionis;
708 1435 817 1512 salviS,
832 1445 893 1498 etc.
940 1434 1041 1518 Quod
1060 1445 1104 1513 ut,
1115 1446 1176 1499 etc.
1226 1436 1301 1498 Hiis
1314 1436 1465 1514 testibus,

207 1539 251 1601 M.
268 1537 518 1602 Archidiacono
541 1538 782 1622 Buckingham,
798 1537 850 1602 W.
868 1538 1116 1602 Archidiacono
1137 1539 1242 1617 Well',
1261 1550 1296 1603 et
1319 1539 1465 1603 Radullo

206 1643 247 1706 de
263 1643 454 1719 Waraville,
469 1646 631 1707 canonico
649 1644 884 1720 Lincolniensi,
903 1644 1066 1726 Magistro
1092 1644 1238 1709 Ricardo
1254 1645 1296 1708 de
1313 1644 1463 1709 Windle-

205 1768 302 1823 sores,
319 1746 490 1810 Willelmo
505 1746 548 1811 de
566 1746 839 1823 Winchecumba,
856 1747 1002 1811 Ricardo
1021 1747 1064 1810 de
1085 1747 1232 1825 Oxonia,
1250 1748 1406 1832 Philippo
1421 1748 1464 1813 de

208 1850 409 1933 Langeport,
424 1850 578 1932 Johanne
598 1852 641 1915 de
669 1851 856 1916 Bannebire
874 1862 909 1915 et
926 1851 1076 1915 Roberto
1096 1852 1139 1915 de
1156 1851 1312 1931 Aketon',
1329 1853 1463 1917 clericis.

209 1954 296 2017 Data
321 1975 380 2036 per
406 1975 543 2019 manum
568 1955 732 2037 Johannis
759 1955 801 2019 de
827 1955 991 2032 Tantone,
1013 1956 1186 2039 capellani,
1205 1958 1358 2020 canonici
1386 1956 1464 2022 Lin-

206 2057 390 2133 colniensiS,
420 2058 510 2140 apud
542 2058 724 2123 Bukedene
755 2060 814 2121 xiii
846 2058 1007 2123 kalendas
1040 2060 1210 2123 Februarii
1250 2061 1464 2143 pontificatus

207 2162 307 2224 nostri
325 2183 414 2225 anno
431 2174 530 2227 sexto
545 2164 685 2228 decimu.

206 2442 277 2511 [The
292 2445 451 2497 institutam
470 2446 505 2513 of
520 2445 727 2498 Bartholomew
748 2446 782 2499 de
803 2446 939 2499 Kanm'lle
956 2452 983 2499 to
1002 2447 1048 2500 the
1064 2446 1165 2499 clrurch
1186 2448 1221 2515 os
1233 2447 1323 2501 Edt'tlt
1348 2448 1464 2513 Weston,

269 2526 416 2588 Rutland;
431 2526 508 2579 Mar.
518 2544 558 2593 η,
572 2546 655 2593 12εῇ
670 2544 712 2581 see
719 2531 749 2595 p.
762 2533 830 2595 [ιφ]

291 2638 709 2705 WESTONA.—-Omnibus
729 2651 790 2704 etc.
838 2640 977 2703 Noverit
997 2642 1195 2704 universitas
1214 2653 1323 2706 vestra
1342 2664 1403 2706 nos
1422 2644 1465 2707 ad

205 2744 487 2823 presentationem
512 2743 710 2808 dilectorum
739 2746 771 2807 in
803 2744 937 2809 Christo
969 2744 1113 2808 Abbatis
1144 2756 1177 2807 et
1208 2758 1392 2810 conventus
1422 2746 1465 2811 de

207 2846 420 2924 Baskerville,
431 2857 647 2930 patronorum
664 2848 802 2912 ecclesie
814 2847 857 2912 de
871 2848 1041 2924 westona,
1057 2848 1216 2912 dilectum
1229 2850 1262 2913 iu
1273 2849 1407 2914 Christo
1418 2850 1466 2915 fil-

208 2952 273 3014 ium
288 2951 563 3016 Bartholomeum
580 2952 623 3015 de
637 2952 803 3029 Kanville,
815 2952 1060 3036 cappellanum,
1072 2953 1114 3017 ad
1131 2953 1273 3017 eandem
1290 2955 1464 3019 ecclesiam

206 3055 380 3119 admisisse
405 3057 583 3138 ipsumque
610 3067 670 3120 etc.
717 3056 818 3140 Quod
843 3067 881 3120 ut
906 3068 968 3121 etc.
1017 3057 1092 3120 Hiis
1121 3058 1271 3135 testibus
1295 3058 1466 3141 Magistris

206 3158 377 3223 Willelmo
393 3159 435 3223 de
453 3160 637 3237 Lincolnia,
654 3161 788 3243 Rogero
804 3161 847 3224 de
865 3160 994 3225 Lakok'
1009 3172 1043 3225 et
1064 3162 1247 3225 Amaurico
1266 3162 1309 3225 de
1334 3162 1466 3246 Bugge-

204 3262 289 3327 dene
304 3272 340 3328 et
358 3263 505 3327 Radullo
520 3265 563 3328 de
580 3264 768 3342 Waraville,
783 3266 953 3328 canonicis
978 3266 1276 3343 LincolniensibuS,
1293 3266 1464 3330 Willelmo

204 3368 245 3432 de
269 3368 547 3445 Winchecumba,
573 3368 719 3432 Ricardo
743 3368 786 3432 de
824 3368 971 3445 Oxonia,
1004 3368 1159 3453 Philippo
1189 3370 1232 3433 de
1264 3370 1466 3453 Langeport,

203 3473 359 3556 Johanne
374 3473 418 3536 de
438 3473 627 3537 Bannebire
641 3483 675 3537 et
693 3473 843 3537 Roberto
862 3474 905 3537 de
926 3474 1092 3550 Aketone,
1113 3474 1248 3538 clericis.
1296 3474 1386 3537 Data
1406 3494 1467 3556 per

204 3596 342 3639 manum
375 3575 538 3658 Johannis
568 3576 611 3640 de
636 3577 781 3654 Tanton,
807 3577 1005 3659 cappellani,
1032 3578 1183 3640 canonici
1211 3576 1464 3655 Lincolniensis,

203 3680 292 3764 apud
311 3679 533 3757 Lincolniam,
544 3682 576 3743 vi
594 3680 755 3744 kalendas
772 3680 899 3763 Aprilis
915 3702 1006 3744 anno
1021 3681 1237 3764 pontificatus
1254 3682 1358 3745 nostri
1376 3682 1441 3745 xvi.

203 4025 275 4093 [The
285 4026 445 4175 ὐωῖὶίκτιῖη
455 4026 492 4094 of
502 4024 628 4077 Wlliam
639 4025 673 4078 de
685 4025 838 4079 Westwelle
850 4031 877 4078 to
887 4026 1040 4080 thechurch
1049 4028 1084 4094 os
1093 4026 1252 4095 Cosgrove,·
1268 4027 1324 4093 Ap.
1334 4044 1372 4085 rr,
1383 4044 1467 4092 1225,·

266 4122 312 4161 see
318 4110 350 4174 p.
361 4124 418 4158 ιη.

291 4218 766 4284 COVESGRAVE.-Omnibus
789 4231 850 4283 etc.
898 4220 1038 4284 Noverit
1061 4221 1259 4284 universitas
1275 4230 1384 4283 vestra
1403 4240 1464 4282 nos

204 4323 246 4387 ad
276 4324 560 4406 presentationem
587 4322 699 4387 dilecti
728 4324 824 4386 nobis
852 4323 961 4389 fratris
991 4324 1127 4387 Roberti
1156 4323 1198 4387 de
1219 4322 1321 4399 Diva,
1343 4322 1465 4385 Prioris

204 4428 343 4491 fratrum
375 4426 563 4509 Hospitalis
587 4427 847 4509 jerosolimitani
880 4429 913 4491 in
940 4428 1073 4511 Anglia,
1099 4429 1231 4510 patroni
1257 4427 1395 4491 ecclesie
1421 4426 1465 4490 de

204 4532 424 4615 Covesgrave,
448 4530 607 4595 dilectum
630 4534 662 4595 in
686 4532 819 4596 Christo
843 4531 948 4595 lilium
969 4533 1175 4596 Willelmum
1200 4532 1244 4595 de
1264 4530 1463 4608 Westwelle,

202 4637 370 4714 clericum,
385 4636 429 4699 ad
445 4637 588 4700 eandem
605 4638 780 4701 ecclesiam
801 4636 985 4713 admisisse,
1002 4638 1178 4719 ipsumque
1195 4638 1227 4698 in
1246 4656 1285 4699 ea
1305 4636 1463 4699 canonice

204 4760 381 4824 personam
414 4740 605 4817 instituisse,
639 4740 739 4804 salvis
769 4751 830 4804 etc.
884 4740 984 4823 Quod
1016 4751 1053 4803 ut
1083 4750 1144 4803 etc.
1202 4740 1277 4801 Hiis
1313 4737 1464 4819 testibus,

204 4844 375 4908 Willelmo
392 4842 640 4907 Archidiacono
660 4844 829 4920 Wellensi,
846 4844 1017 4925 Magistris
1037 4842 1206 4906 Willelmo
1227 4842 1269 4904 dc
1290 4842 1464 4904 Lincolnia

735 5027 743 5054 ¹
758 5024 879 5093 “Quod'’,
894 5024 954 5077 MS.

268 5116 336 5170 Vor.
357 5116 394 5168 11.
1383 5124 1400 5164 P
