3609 5642
604 585 783 682 Episcopi
805 586 1089 659 Liucolnz'ensz's.
1402 608 1475 679 Ι307

217 815 384 879 admissus
410 825 470 893 est,
496 825 531 881 et
555 816 589 880 in
615 837 655 880 ea
681 817 842 880 canonice
867 836 1010 899 persona
1037 816 1217 881 institutus.
1265 817 1318 881 De
1342 816 1477 899 speciali

215 921 317 983 etiam
343 931 501 1005 precepto
527 920 666 983 Domini
691 921 767 983 huic
795 920 995 983 institutioni
1020 918 1190 1001 adjectum
1213 930 1273 999 est,
1297 931 1373 1004 post
1396 920 1476 984 illud

216 1023 353 1087 verbum
385 1023 528 1087 contulit
542 1029 610 1088 :-“
623 1022 731 1088 Salvis
756 1022 855 1087 dictis
888 1023 990 1087 Priori
1021 1033 1056 1087 et
1086 1026 1265 1088 conventui
1296 1024 1332 1087 xl
1363 1024 1477 1087 solidis

216 1128 337 1190 annuis
362 1146 447 1209 quos
471 1128 515 1191 de
540 1129 754 1192 concessione
778 1128 882 1192 felicis
910 1126 1147 1191 recordationis
1172 1128 1286 1193 Sancti
1314 1128 1478 1211 Hugonis,
1596 1124 1599 1129 “

216 1230 459 1312 predecessoris
490 1232 549 1306 sui,
577 1231 702 1295 habent
734 1234 766 1296 in
797 1253 846 1308 ea,
876 1242 910 1297 et
940 1230 1032 1293 salva
1062 1230 1281 1309 ordinatione,
1307 1233 1395 1308 etc.,''
1420 1253 1478 1314 per

216 1333 369 1397 ordinem
386 1344 423 1397 ut
440 1356 548 1418 supra.

723 1596 863 1661 Annus
885 1594 978 1661 xxm.

217 1725 361 1796 [Godfrey‚
376 1728 546 1789 semeron,
565 1743 616 1780 son
635 1729 671 1796 of
689 1729 822 1791 insilirem,
836 1730 986 1797 presented
999 1730 1032 1797 by
1048 1730 1093 1782 tire
1109 1730 1220 1783 Master
1234 1731 1270 1799 os
1281 1728 1327 1783 the
1345 1730 1435 1783 Order
1448 1732 1484 1795 os

281 1810 502 1877 Sempringtram
514 1810 575 1863 and
583 1810 629 1862 tire
639 1810 796 1863 Peioranet
811 1812 939 1865 convent
952 1812 987 1881 of
999 1812 1175 1879 Butlington¹
1190 1813 1287 1877 Lince,
1301 1814 1325 1864 is
1336 1812 1482 1865 instituted

281 1897 310 1943 to
320 1892 367 1945 tire
377 1892 478 1945 cnurcu
490 1893 526 1961 os
532 1892 709 1960 Prestwotd]

308 2003 848 2069 Pnssrswmnr.-G0detridus
864 2003 950 2067 filius
971 2004 1141 2083 Willelmi,
1157 2004 1391 2084 subdiaconus,
1407 2027 1478 2089 pre-

217 2118 368 2173 sentatus
399 2128 458 2189 per
489 2108 689 2190 Magistrum
720 2107 846 2171 ordinis
869 2108 913 2171 de
941 2108 1184 2191 Sempingham
1209 2120 1244 2173 et
1272 2111 1417 2174 Priorem
1445 2118 1478 2173 et

217 2222 420 2278 conventum
437 2211 479 2276 de
498 2212 700 2293 Bulingtone
715 2211 758 2274 ad
780 2213 955 2276 ecclesiam
976 2212 1018 2276 de
1042 2213 1269 2291 Prestewalde,
1287 2213 1374 2278 sacta
1389 2214 1478 2297 prius

218 2318 433 2400 inquisitione
454 2337 513 2399 per
532 2316 594 2393 W„
615 2316 900 2381 Archidiaconum
923 2317 1109 2395 Leicestrie,
1130 2338 1189 2400 per
1213 2338 1324 2399 quam,
1344 2328 1414 2395 etc,
1435 2320 1478 2382 ad

217 2420 360 2486 eandem
387 2420 554 2484 admissus
580 2431 640 2498 est,
665 2430 699 2485 et
726 2422 758 2484 in
784 2441 825 2483 ea
850 2422 1010 2485 canonice
1038 2442 1179 2504 persona
1206 2422 1386 2485 institutus.
1433 2423 1478 2486 Et

218 2524 405 2606 injunctum
422 2535 473 2587 est
488 2522 597 2587 eidem
615 2524 1196 2601 w.,tuncCance11ari0,utdictum
1215 2524 1253 2589 G.
1270 2526 1342 2589 vice
1360 2524 1476 2588 Archi-

218 2627 350 2690 diaconi
367 2629 400 2689 in
417 2628 623 2710 corporalem
641 2627 730 2691 dicte
745 2628 884 2692 ecclesie
899 2630 1144 2712 possessionem
1162 2628 1307 2692 inducat.

218 2950 345 3086 [Wagn
362 2951 536 3101 sug-etenumi
546 2952 695 3019 presented
708 2952 741 3020 try
763 2951 887 3006 Willinm
905 2952 1010 3014 linisset,
1028 2954 1052 3005 is
1069 2952 1214 3006 instituted
1228 2957 1255 3005 to
1271 2952 1317 3005 tiu
1333 2952 1433 3005 chureii
1450 2952 1486 3020 of

316 3048 385 3101 ouey
418 3038 521 3085 tanton.

307 3144 749 3223 STANTONE.—Walterus‚
774 3146 1007 3220 subdiaconus,
1035 3156 1245 3227 presentatus
1268 3166 1327 3228 per
1351 3144 1477 3209 Willel-

220 3268 312 3311 mum
331 3248 449 3312 Basset
464 3249 507 3311 ad
524 3249 698 3313 ecclesiam
715 3249 758 3312 de
775 3250 949 3327 Stantone,
967 3249 1054 3313 sacta
1075 3250 1166 3331 prius
1186 3250 1399 3333 inquisitione
1421 3270 1480 3332 per

221 3351 283 3427 W.,
300 3351 583 3416 Archidiaconum
602 3353 790 3431 Leicestrie,
807 3374 991 3437 perquam,
1007 3364 1078 3431 etc,
1094 3352 1136 3417 ad
1153 3354 1294 3417 eandem
1312 3354 1478 3416 admissus

218 3465 278 3531 est,
293 3466 354 3519 etc.
402 3455 447 3518 Et
464 3456 649 3537 injunctum
667 3468 717 3521 est
735 3468 771 3521 ut
787 3478 895 3541 supra

221 3790 332 3858 [Simon
351 3790 386 3844 de
403 3790 504 3844 Sancto
523 3790 635 3849 Mauro,
653 3790 823 3850 suddeaeon.
836 3790 986 3858 presented
1004 3790 1100 3859 hythe
1119 3790 1206 3843 Prior
1222 3790 1282 3843 anet
1302 3789 1428 3843 convent
1446 3790 1482 3841 ot

286 3871 429 3941 Coventry‚
443 3872 468 3924 is
478 3871 625 3924 instituted
632 3876 660 3923 to
670 3871 718 3924 tire
727 3870 828 3925 etrurde
839 3873 875 3941 os
880 3871 1078 3939 Pactington]

309 3983 723 4065 PAKINTONE.-Symon
754 3981 798 4046 de
829 3983 955 4048 Sancto
988 3983 1117 4061 Mauro,
1144 3981 1377 4057 subdiaconus,
1404 4003 1476 4065 pre·

219 4096 370 4150 sentatus
393 4106 453 4168 per
473 4087 620 4150 Priorem
640 4097 675 4149 et
694 4095 896 4150 conventum
917 4087 960 4151 de
981 4086 1160 4152 Coventria
1179 4086 1221 4150 ad
1241 4086 1413 4149 ecclesiam
1435 4084 1477 4148 de

221 4190 416 4267 Pakintone,
432 4191 520 4255 sacta
536 4191 626 4273 prius
642 4192 857 4273 inquisitione
874 4212 932 4274 per
948 4191 1009 4267 W„
1027 4190 1310 4254 Archidiaconum
1332 4190 1477 4253 Leirces-

221 4295 292 4371 trie,
312 4315 501 4377 perquam,
520 4306 590 4371 etc,
610 4295 652 4358 ad
676 4295 817 4359 eandem
842 4295 1008 4359 admissus
1032 4304 1090 4372 est,
1114 4305 1173 4358 etc.
1221 4294 1266 4357 Et
1291 4294 1476 4376 injunctum

221 4407 272 4460 est
287 4397 380 4461 dicto
397 4398 645 4462 Archidiacono
661 4400 805 4482 presenti
822 4409 867 4475 ut,
882 4409 943 4462 etc.

218 4729 399 4792 [Alexander.
421 4730 561 4797 chapiain,
576 4731 725 4799 presented
739 4731 773 4799 by
791 4730 837 4783 tlte
855 4730 943 4783 Prior
956 4730 1016 4781 anet
1036 4730 1161 4783 Convent
1178 4730 1214 4798 of
1234 4730 1322 4793 Ware,
1341 4728 1442 4792 Herts„
1455 4728 1480 4781 is

284 4811 430 4863 instituted
438 4817 466 4865 to
476 4812 523 4865 the
533 4812 633 4865 cirurctr
645 4812 681 4881 of
688 4812 796 4865 Burton
809 4812 922 4880 0uery.]

307 4922 757 5001 Eulimna-Alexander,
784 4924 985 5007 capellanus,
1010 4931 1220 5007 presentatus
1245 4942 1304 5005 per
1329 4920 1476 4985 Priorem

220 5025 262 5091 de
278 5025 380 5091 Ware
394 5028 437 5092 ad
454 5028 628 5094 ecclesiam
649 5027 692 5093 de
713 5030 869 5107 Burtone,
884 5028 974 5091 facta
995 5029 1084 5113 prius
1105 5026 1318 5109 inquisitione
1339 5044 1398 5107 per
1418 5024 1480 5102 W„

1367 5146 1386 5185 x
1398 5146 1413 5187 2
