3609 5642
658 618 837 715 Episcopi
858 615 1141 691 Lz'ncolnz‘ensz's.
1455 632 1525 706 325

272 854 439 919 admissus
454 866 515 934 est,
529 867 564 921 et
580 858 613 921 in
629 878 670 921 ea
686 859 849 941 Magister
864 879 925 942 per
939 859 1069 935 librum,
1080 858 1165 921 sicut
1181 856 1282 919 moris
1297 863 1357 930 est,
1368 852 1527 917 canonice

271 959 453 1038 institutus,
486 960 677 1026 obedientie
714 972 925 1027 sacramento
964 961 1193 1044 sollempniter
1234 960 1420 1023 subsecuto.
1481 956 1527 1019 Et

273 1063 470 1127 mandatum
485 1075 536 1129 est
551 1065 662 1130 eidem
680 1065 929 1130 Archidiacono
944 1076 981 1131 ut
996 1076 1057 1130 etc.

753 1325 893 1390 Auuus
917 1321 1049 1389 xxvr⁰⁸.

270 1437 382 1505 [Rohm
395 1439 430 1492 de
446 1438 606 1503 Davintniz,
618 1440 787 1505 subdam,
800 1441 916 1495 collated
929 1441 1022 1507 hythe
1033 1440 1140 1507 Bishop
1151 1438 1271 1492 without
1281 1438 1424 1507 prejudice
1440 1443 1468 1490 to
1483 1437 1529 1489 tlte

331 1522 457 1588 patron’s
471 1521 564 1591 n'glm
580 1528 612 1576 at
628 1539 684 1590 any
693 1524 797 1591 future
819 1538 948 1592 vacam,
964 1523 989 1577 is
1008 1522 1152 1577 eirsta'tirtcd
1167 1527 1194 1576 to
1211 1521 1258 1575 the
1267 1520 1368 1576 churclr
1379 1521 1415 1588 os
1427 1520 1529 1588 King's

337 1603 467 1674 Naum]

360 1712 773 1779 Nostrone-Romans
792 1714 836 1779 de
855 1716 1041 1792 Davintria,
1056 1713 1290 1792 subdiaconus,
1305 1714 1357 1776 cui
1373 1711 1529 1775 dominus

273 1816 463 1901 Episcopus
496 1818 672 1882 ecclesiam
711 1819 755 1883 de
796 1819 957 1895 Nortone,
990 1839 1056 1902 que
1093 1818 1155 1881 luit
1188 1818 1351 1900 Johannis
1386 1815 1530 1892 Gaitain,

272 1919 472 1984 auctoritate
502 1922 644 1986 contulit
675 1922 825 1999 Concilii,
848 1922 892 1986 ad
921 1923 1063 1987 eandem
1094 1922 1260 1985 admissus
1290 1932 1350 1999 est,
1373 1931 1407 1985 et
1432 1921 1466 1984 in
1489 1940 1530 1984 ea

272 2023 431 2087 canonice
451 2045 594 2107 persona
616 2026 798 2103 institutus,
813 2026 907 2089 salvo
929 2025 1003 2108 jure
1027 2025 1205 2107 cujuslibet
1227 2046 1304 2090 cum
1324 2027 1432 2108 ipsam
1448 2024 1530 2088 alias

272 2147 390 2191 vacare
414 2128 600 2213 eontigerit.
647 2129 693 2192 Et
720 2128 918 2193 mandatum
947 2139 999 2193 est
1024 2129 1272 2193 Archidiacono
1290 2130 1469 2193 Leicestrie
1493 2138 1530 2192 ut

273 2230 382 2312 ipsum
407 2231 440 2295 in
460 2232 666 2314 corporalem
686 2231 776 2295 dicte
803 2232 942 2297 ecclesie
964 2234 1207 2316 possessionem
1228 2232 1372 2297 inducat
1420 2233 1531 2297 Litere

273 2336 445 2417 negotium
462 2335 551 2399 istud
567 2336 802 2417 contingentes
824 2345 903 2399 sunt
919 2338 1006 2400 inter
1021 2337 1156 2419 negotia
1172 2336 1269 2400 lacta

839 2498 970 2515 ῌ

273 2587 381 2657 [Roger
391 2588 425 2641 de
440 2589 619 2653 Turberville,
631 2590 800 2655 suddeacom
813 2590 931 2644 collated
939 2590 972 2659 by
983 2591 1029 2644 the
1039 2590 1152 2659 Bisiop,
1163 2590 1283 2643 without
1293 2590 1437 2659 prejudice
1448 2596 1475 2643 lo
1486 2588 1532 2643 tire

331 2671 457 2739 patron's
467 2672 561 2741 rights
570 2678 602 2725 at
610 2690 667 2741 any
670 2673 772 2740 future
781 2688 909 2741 vacancy,
922 2675 947 2725 is
958 2673 1106 2727 instituted
1114 2678 1141 2726 to
1152 2673 1197 2727 tie
1207 2672 1308 2728 churclr
1320 2674 1356 2741 os
1364 2672 1477 2740 Gadda]

360 2776 758 2860 OUTHEBY.—Rogerus
770 2776 813 2840 de
825 2776 1043 2854 Turberville,
1059 2776 1292 2853 subdiaconus,
1302 2776 1355 2839 cui
1371 2776 1529 2839 dominus

274 2881 471 2964 Episcopus,
491 2881 534 2946 de
562 2881 724 2945 mandato
748 2892 783 2947 et
808 2883 1008 2946 auctoritate
1032 2881 1160 2945 domini
1188 2882 1286 2964 Pape,
1305 2880 1531 2965 dispensantis

273 3005 349 3049 cum
379 2983 500 3049 eodem
525 2985 568 3048 ad
594 2986 729 3050 unicum
751 2984 949 3049 beneficium
978 3005 1091 3048 curam
1117 2985 1243 3048 habens
1263 3005 1432 3049 annexam
1453 3005 1529 3048 cum

273 3088 330 3151 illo
345 3087 436 3171 quod
453 3090 544 3171 prius
565 3088 691 3166 habuit,
706 3088 880 3153 ecclesiam
897 3089 940 3153 de
957 3088 1119 3172 Outheby
1134 3109 1210 3152 cum
1232 3089 1442 3171 pertinentiis
1463 3090 1531 3152 suis

272 3192 465 3277 assignavit,
491 3193 534 3256 ad
565 3192 708 3257 eandem
740 3192 906 3255 admissus
936 3202 987 3256 est
1017 3202 1088 3270 etc,
1115 3190 1208 3255 salvo
1239 3192 1388 3275 patronis
1419 3192 1532 3275 ipsius,

271 3316 348 3360 cum
365 3296 474 3379 ipsam
490 3295 572 3360 alias
588 3317 705 3361 vacare
721 3297 907 3379 contigerit,
921 3296 995 3377 jure
1011 3316 1072 3359 suo
1087 3295 1302 3378 presentandi
1319 3296 1361 3359 ad
1378 3295 1530 3360 eandem.

273 3399 320 3463 Et
345 3400 542 3464 mandatum
563 3410 615 3464 est
632 3400 881 3463 Archidiacono
906 3400 1085 3463 leicestrie
1114 3410 1151 3463 ut
1177 3399 1361 3463 secundum
1389 3398 1530 3465 sormam

272 3504 469 3586 premissam
491 3513 551 3567 etc.
598 3503 870 3569 Contradictores
892 3505 920 3566 si
943 3504 999 3586 qui
1024 3502 1146 3567 luerint
1162 3502 1213 3567 vel
1237 3503 1376 3568 rebelles
1399 3513 1459 3568 etc.
1478 3504 1530 3569 De

273 3606 434 3671 mandato
449 3607 578 3672 domini
595 3609 687 3691 Pape
702 3618 736 3671 et
756 3606 909 3689 ejusdem
933 3607 1184 3690 dispensatione
1208 3608 1346 3671 inveniri
1368 3608 1491 3691 poterit
1511 3630 1531 3672 a

272 3720 375 3795 tergo,
390 3710 556 3790 videlicet,
572 3732 592 3775 a
608 3720 702 3795 parte
717 3712 881 3795 opposita

271 3964 394 4035 [Alured
401 3966 436 4019 de
446 3965 568 4027 Sloutra,
579 3966 697 4021 collatcd
704 3966 738 4035 by
748 3968 793 4021 the
804 3966 918 4035 Buhop,
931 3966 1051 4021 without
1054 3967 1200 4036 prejudice
1210 3971 1237 4019 to
1247 3966 1293 4019 the
1302 3967 1427 4033 patron’s
1437 3967 1530 4035 rights

336 4053 368 4101 at
382 4064 439 4116 any
441 4050 545 4117 suticre
555 4064 683 4117 vacancy,
695 4050 721 4101 is
735 4050 882 4103 imtiluted
893 4056 921 4103 to
937 4050 983 4103 tie
996 4050 1097 4104 chureii
1108 4050 1144 4117 os
1155 4048 1251 4116 Blaby.
1289 4048 1346 4102 The
1357 4049 1487 4117 oimrage
1504 4050 1529 4102 is

335 4130 467 4183 reserved
475 4136 502 4183 to
507 4130 586 4197 Jolm
598 4130 632 4183 de
646 4131 775 4199 Ginghct,
790 4130 855 4184 who
866 4134 1005 4199 micstpay
1015 4148 1032 4183 ι
1041 4132 1176 4199 skillt'ngs
1187 4148 1206 4183 a
1211 4146 1284 4199 year
1292 4136 1319 4183 to
1329 4131 1375 4185 tlte
1381 4130 1508 4199 parson]

360 4241 709 4305 BLABv.—Aluredus
726 4241 769 4305 de
786 4242 922 4306 Sloutra
939 4241 1075 4325 [blank],
1091 4242 1142 4305 cui
1160 4240 1317 4305 dominus
1341 4240 1529 4324 Episcopus

272 4343 447 4407 ecclesiam
465 4345 520 4409 de
559 4345 667 4428 Blaby
697 4365 773 4408 cum
806 4345 1014 4429 pertinentiis
1045 4345 1122 4422 suis,
1152 4346 1351 4409 auctoritate
1388 4345 1529 4409 contulit

273 4447 422 4526 Concilii,
437 4448 479 4513 ad
500 4449 642 4513 eandem
661 4449 828 4513 admissus
850 4460 911 4527 est,
926 4460 960 4513 et
983 4450 1016 4512 in
1040 4470 1079 4513 ea
1102 4450 1262 4513 canonice
1282 4469 1425 4531 persona
1443 4458 1528 4527 etc.;

272 4552 364 4616 salva
385 4552 531 4635 Johanni
553 4553 596 4617 de
619 4553 768 4636 Ginghet
790 4554 913 4617 vicaria
935 4573 995 4617 sua
1017 4575 1118 4636 quam
1143 4554 1243 4617 habet
1266 4554 1299 4616 in
1322 4552 1451 4630 eadem,
1471 4554 1527 4636 qui

272 4654 397 4719 dictam
427 4658 602 4722 eeclesiam
637 4657 765 4721 tenebit
796 4657 952 4734 totaliter,
982 4657 1153 4721 reddendo
1183 4656 1261 4721 inde
1291 4656 1383 4720 dicto
1414 4660 1464 4732 A,
1494 4666 1528 4719 et

272 4762 515 4825 successoribus
545 4763 622 4839 suis,
648 4762 752 4845 ipsius
777 4760 918 4825 ecclesie
949 4762 1105 4844 personis,
1129 4761 1214 4825 duos
1244 4760 1368 4825 solidos
1398 4780 1527 4823 annuos

272 4864 408 4928 nomine
431 4865 609 4947 pensionis,
630 4877 665 4929 et
688 4865 781 4929 salvo
804 4864 953 4948 patronis
977 4866 1089 4947 ipsius,
1107 4885 1183 4929 cum
1207 4884 1281 4929 earn
1306 4865 1386 4928 alias
1408 4884 1527 4927 vacare

271 4964 458 5047 eontigerit,
479 4964 553 5046 jure
582 4986 644 5028 suo
668 4964 882 5047 presentandi
912 4964 954 5027 ad
981 4963 1133 5027 eandem.
1180 4963 1225 5027 Et
1252 4964 1449 5028 mandatum
1476 4972 1527 5027 est

273 5067 521 5133 Archidiacono
538 5069 733 5133 Leircestrie
748 5078 785 5132 ut
799 5078 861 5133 etc.
