3609 5642
608 562 783 659 Episcopi
809 562 1094 636 Lincolniensis.
1415 588 1482 660 125

217 800 286 863 suis
320 799 412 884 apud
438 800 672 884 Norhampton
704 801 790 865 inter
823 801 966 865 eandem
1000 801 1174 865 dominam
1208 801 1416 888 l[sabellam]
1449 814 1484 869 et

218 903 250 966 N
254 904 422 968 icholaum
438 903 481 969 de
498 905 741 988 Bassingburn’,
758 905 846 969 idem
861 904 1074 989 N[icholaus]
1090 905 1182 970 venit
1202 907 1234 969 in
1255 907 1373 971 eadem
1393 910 1484 972 curia

217 1007 347 1071 domini
369 1009 472 1090 Regis
494 1018 529 1072 et
552 1010 716 1073 concessit
742 1009 851 1073 eidem
882 1008 1052 1092 l[sabelle]
1079 1011 1360 1092 presentationem
1386 1033 1482 1076 suam

217 1111 261 1174 ad
291 1111 434 1176 eandem
465 1111 649 1190 ecclesiam,
674 1112 841 1176 admissus
870 1122 983 1177 estet
1014 1113 1047 1175 in
1077 1133 1118 1176 ea
1147 1115 1308 1178 canonice
1338 1136 1481 1198 persona

218 1216 398 1279 institutus.
446 1216 492 1279 Et
507 1217 694 1299 injunctum
709 1226 761 1280 est
777 1215 922 1281 Officiali
938 1217 1082 1299 presenti
1099 1227 1144 1294 ut,
1160 1226 1221 1281 etc.

218 1501 333 1568 [Robert
341 1501 375 1554 de
386 1501 500 1565 Nevilt’
503 1503 611 1572 junior,
624 1503 792 1565 srcbdeacon,
803 1504 829 1556 is
840 1503 987 1556 instituted
995 1509 1023 1556 to
1033 1503 1215 1571 thatportr'on
1223 1505 1255 1556 in
1275 1506 1321 1557 tite
1333 1505 1435 1560 chureii
1451 1508 1487 1575 of

283 1583 377 1636 Roade
387 1583 478 1637 whr'cit
490 1583 550 1638 irad
558 1584 621 1638 been
632 1585 699 1638 held
706 1585 740 1653 by
753 1584 875 1650 Gerbold,
888 1601 925 1638 on
936 1586 982 1638 tire
987 1587 1178 1653 presentationi
1189 1586 1225 1655 of
1230 1587 1332 1640 Robert
1340 1588 1457 1657 hepar]

306 1703 658 1787 RODES.-prertus
679 1703 723 1768 de
743 1705 861 1783 Nevill,
882 1705 1003 1786 junior,
1018 1705 1252 1781 subdiaconus,
1268 1717 1481 1789 presentatus

217 1828 276 1889 per
300 1807 485 1872 Robertum
514 1809 647 1892 Lupum
678 1808 720 1872 ad
752 1809 843 1873 illam
874 1809 1062 1892 portionem
1089 1829 1155 1892 que
1179 1808 1242 1873 fuit
1262 1809 1421 1873 Gerboldi
1447 1811 1480 1873 in

217 1911 357 1975 ecclesia
378 1911 421 1976 de
441 1912 563 1991 Rodes,
578 1913 667 1977 facta
689 1914 780 1996 prius
803 1914 1018 1996 inquisitione
1042 1934 1101 1996 per
1122 1915 1171 1990 R,
1191 1912 1480 1977 Archidiaconum

219 2015 486 2099 Norbamptonie
505 2027 539 2080 et
558 2026 689 2081 cassata
708 2018 956 2100 presentatione
976 2018 1064 2081 Petri
1083 2017 1180 2100 Lupi,
1196 2017 1239 2080 ad
1260 2019 1367 2100 ipsam
1389 2018 1481 2100 prius

216 2122 407 2203 presentati,
417 2131 552 2204 propter
561 2122 744 2186 litterature
757 2121 1036 2199 insufficientiam,
1047 2142 1106 2204 per
1116 2142 1190 2204 que,
1199 2132 1270 2199 etc,
1282 2121 1324 2185 ad
1337 2120 1479 2184 eandem

217 2224 404 2306 portionem
431 2222 597 2288 admissus
619 2235 670 2289 est
692 2235 727 2289 et
751 2227 784 2288 in
811 2246 852 2289 ea
875 2226 1036 2288 canonice
1059 2245 1201 2307 persona
1225 2235 1276 2288 est
1294 2217 1479 2287 'institutus

217 2326 263 2390 Et
283 2327 469 2408 injunctum
489 2337 541 2390 est
558 2329 606 2404 R,
623 2327 765 2393 Officiali
784 2327 1022 2391 Archidiaconi
1040 2320 1309 2411 Norbamptonie
1333 2328 1478 2410 presenti

217 2441 262 2508 ut,
278 2442 339 2495 etc.
386 2432 463 2495 Non
480 2432 642 2498 habemus
659 2434 785 2498 litteras
797 2434 1062 2517 presentationis.

214 2720 365 2789 [Niclrotar.
377 2718 456 2782 clerk,
466 2718 615 2786 presented
622 2719 655 2787 by
669 2720 714 2773 tte
726 2719 878 2774 Pn'orand
890 2719 1060 2787 Conventus
1066 2719 1187 2782 Merton,
1202 2719 1272 2772 with
1286 2718 1332 2772 tte
1342 2725 1437 2772 assent
1449 2719 1486 2787 of

280 2801 326 2854 tite
336 2800 401 2854 heir
408 2801 444 2868 os
456 2801 581 2854 Wlliam
590 2801 624 2854 de
636 2801 753 2870 Kaynes,
767 2804 792 2855 is
799 2803 944 2855 instituted
953 2806 981 2854 to
991 2801 1037 2855 the
1047 2801 1148 2855 chureii
1159 2801 1195 2870 of
1203 2800 1398 2869 Greatwottit.]

303 2920 795 2998 GRETEWRDE.-Nicholaus,
805 2921 1030 3004 cappellanus,
1041 2929 1251 3003 presentatus
1261 2940 1320 3002 per
1332 2920 1478 2982 Priorem

213 3034 248 3088 et
279 3035 481 3087 conventum
512 3023 554 3087 de
586 3023 729 3087 Merton’
759 3022 802 3086 ad
832 3024 1007 3087 ecclesiam
1039 3023 1081 3087 de
1111 3021 1353 3097 Grcttewortb’,
1380 3023 1479 3087 inter-

213 3129 371 3192 veniente
381 3148 517 3191 assensu
528 3127 660 3192 heredis
670 3127 829 3191 Willelmi
841 3127 884 3191 de
896 3128 1044 3210 Kaynes,
1058 3127 1145 3191 iacta
1157 3127 1248 3210 prius
1265 3127 1480 3209 inquisitione

213 3251 275 3314 per
293 3231 342 3307 lt,
358 3229 643 3295 Archidiaconum
662 3230 844 3310 Lincolnie,
860 3253 920 3315 per
935 3252 1046 3314 quam,
1061 3240 1132 3306 etc,
1147 3229 1313 3293 admissus
1328 3238 1429 3293 estet
1445 3230 1478 3291 in

211 3355 253 3398 ea
276 3335 437 3398 canonice
464 3355 607 3417 persona
630 3335 809 3399 institutus.
856 3335 902 3400 Et
933 3333 1119 3416 injunctum
1149 3343 1201 3397 est
1228 3331 1478 3397 Archidiacono

212 3438 363 3522 presenti
379 3447 424 3515 ut,
440 3447 500 3502 etc.

211 3695 328 3765 [Robert
341 3694 375 3748 de
385 3695 534 3762 Botindon‚
547 3695 656 3756 deacon.
672 3697 697 3749 is
713 3696 860 3749 instituted
874 3701 901 3749 to
918 3695 964 3748 tire
980 3697 1112 3762 vinarage
1128 3695 1164 3762 os
1171 3693 1362 3762 Boetdington
1378 3709 1415 3746 on
1431 3693 1478 3746 tire

273 3779 463 3846 presentation
474 3779 510 3846 of
516 3778 611 3846 Roger
621 3779 667 3831 tite
677 3783 767 3843 rector,
781 3778 852 3831 with
864 3777 909 3830 tte
920 3783 1032 3831 consent
1040 3777 1077 3845 of
1087 3777 1133 3829 the
1144 3777 1231 3830 Prior
1239 3775 1300 3828 and
1312 3775 1439 3828 Conveni
1448 3775 1484 3844 os

283 3859 310 3910 T
306 3859 419 3927 r'ckford
431 3859 479 3912 tire
484 3861 622 3930 patrone]

303 3980 461 4043 BOTIND’
481 3981 868 4045 VICAR1n.—Robertus
894 3980 938 4044 de
958 3980 1136 4057 Botindon‚
1155 3977 1325 4054 diaconus,
1345 3997 1477 4060 presen-

211 4093 305 4148 tatus
332 4104 391 4168 per
412 4084 593 4168 Rogerum,
612 4084 856 4169 cappellanum,
876 4094 1038 4149 rectorem
1065 4082 1204 4147 ecclesie
1226 4080 1269 4145 de
1290 4080 1478 4158 Botindon',

211 4187 256 4252 ad
292 4189 448 4252 vicariam
483 4188 633 4270 ejusdem
668 4189 813 4267 ecclesie,
849 4189 960 4252 Priore
990 4198 1024 4251 et
1052 4196 1219 4250 conventu
1248 4186 1292 4249 de
1323 4184 1476 4268 Neuport

212 4293 363 4370 patronis
388 4291 530 4356 duarum
562 4294 706 4376 partium
737 4292 1051 4368 conscentientibuS,
1070 4290 1113 4354 ad
1140 4289 1282 4354 eandem
1310 4288 1477 4351 admissus

211 4404 315 4459 estet
334 4397 367 4458 in
382 4416 423 4460 ea
443 4417 519 4459 cum
536 4418 636 4460 onere
651 4406 685 4460 et
705 4417 791 4480 pena
810 4396 1007 4460 vicariorum
1028 4395 1169 4458 vicarius
1185 4403 1365 4476 perpetuus
1385 4392 1476 4454 insti-

211 4508 313 4563 tutus.
366 4499 516 4564 Habebit
542 4511 655 4565 autem
679 4500 789 4565 dictus
814 4501 955 4563 vicarius
979 4499 1114 4562 nomine
1138 4498 1259 4561 vicarie
1283 4517 1343 4559 sue
1369 4505 1475 4558 totam

213 4602 304 4666 illam
321 4603 508 4686 portionem
529 4624 630 4686 quam
654 4604 757 4686 Hugo
781 4605 881 4667 frater
908 4602 980 4684 ejus
1004 4602 1111 4666 tenuit
1136 4599 1277 4675 ibidem;
1305 4597 1477 4662 reddendo

213 4704 291 4769 inde
306 4705 436 4789 prefato
450 4707 583 4790 Rogero
595 4688 756 4789 tanquarrl
770 4727 911 4790 persone
926 4715 960 4769 et
976 4703 1220 4768 successoribus
1235 4703 1303 4764 suis
1316 4700 1474 4764 tredecim

213 4828 342 4872 marcas
366 4829 494 4872 annuas
516 4811 650 4873 nomine
673 4809 851 4893 pensionis,
866 4819 901 4873 et
926 4808 1102 4872 sustinebit
1125 4806 1239 4868 omnia
1260 4825 1363 4869 onera
1386 4803 1474 4867 ordi-

212 4913 305 4976 naria
321 4913 408 4976 illius
427 4914 565 4976 ecclesie
584 4912 698 4976 debita
717 4923 751 4976 et
770 4921 939 4976 consueta
986 4911 1032 4973 Et
1052 4909 1238 4991 injunctum
1261 4917 1313 4972 est
1328 4905 1472 4972 Officiali

213 5015 357 5100 presenti
375 5023 421 5094 ut,
436 5024 498 5079 etc.
