3609 5642
329 547 378 613 66
682 543 820 617 Rotule'
833 543 1011 641 Hugones
1027 543 1072 617 de
1098 542 1230 617 Welles

326 769 431 838 [Ralple
444 770 581 834 Haerere,
593 770 762 834 sub-deam,
771 771 920 839 presented
928 771 962 839 by
972 771 1074 824 Robert
1081 770 1116 823 de
1127 769 1248 833 Ferrers,
1261 768 1370 837 kne'gtlet,
1383 774 1411 822 to
1426 770 1473 823 tlte
1488 769 1587 839 crepet

392 853 427 921 os
436 853 614 921 Cippenltam,
627 853 658 906 in
671 853 828 916 Burnleam,
842 855 867 906 is
877 853 1024 907 instituted
1025 857 1132 920 persen
1144 851 1268 921 thereos]

415 978 851 1064 CHIPHAM.-Radulphus
870 981 903 1044 H
908 980 1036 1056 urberd,
1052 978 1285 1056 subdiaconus,
1301 989 1513 1063 presentatus
1525 999 1584 1063 per

328 1081 513 1146 Robertum
543 1084 586 1148 de
618 1084 758 1162 Ferrers,
782 1084 932 1160 militem,
955 1084 997 1147 ad
1028 1084 1191 1167 capellam
1222 1083 1265 1148 de
1295 1083 1473 1167 Chipham‚
1496 1084 1584 1150 sacta

327 1186 416 1267 prius
440 1185 653 1269 inquisitione
676 1208 735 1271 per
759 1188 959 1271 Magistrum
983 1187 1228 1264 Theobaldum,
1251 1186 1438 1252 Officialem
1463 1188 1582 1252 Archi-

326 1287 458 1352 diaconi
485 1289 810 1374 Bulringhamiensis,
837 1312 895 1373 per
920 1311 1032 1373 quam,
1056 1299 1128 1367 etc,
1154 1289 1320 1355 admissus
1344 1301 1397 1354 est
1422 1301 1457 1355 et
1484 1292 1518 1354 in
1542 1312 1583 1355 ea

325 1393 485 1457 canonice
516 1414 658 1476 persona
695 1395 876 1459 institutus
924 1395 969 1457 Et
1007 1394 1205 1457 mandatum
1243 1403 1294 1458 est
1332 1394 1582 1466 Archidiacono

327 1495 624 1578 Bukinghamiensi
642 1507 687 1573 ut,
702 1507 764 1562 etc.
811 1498 889 1561 Non
907 1497 1070 1561 habemus
1085 1497 1198 1561 literas
1213 1499 1480 1580 presentationis.

531 1720 993 1786 nummulus-Annus
1017 1720 1166 1786 Saxeus
1190 1720 1373 1785 Dscmus.

324 1860 431 1928 [Roger
445 1861 479 1914 de
495 1861 573 1925 Brat,
586 1860 725 1928 chaplaen,
732 1862 882 1932 presented
895 1862 929 1930 by
942 1861 1065 1930 Godfrey
1080 1862 1114 1915 de
1131 1861 1274 1914 Limhoud
1285 1867 1313 1914 to
1328 1878 1347 1914 a
1363 1861 1480 1931 mediep
1490 1864 1527 1932 of
1537 1863 1583 1916 tlee

388 1941 488 1997 churcle
510 1944 546 2012 of
562 1942 679 2008 Walton,
698 1943 722 1995 is
738 1943 884 1996 instetnted
892 1947 1000 2010 parson
1017 1943 1127 2010 thereofi
1145 1943 1249 2011 subject
1262 1949 1290 1996 to
1307 1942 1352 1996 tlee
1368 1943 1472 1996 burden
1489 1944 1525 2012 os
1537 1943 1582 1997 tlte

386 2025 498 2093 vitare]

410 2142 817 2226 WALTONA.-R0gerus
847 2143 889 2207 de
922 2144 1007 2221 Brai,
1030 2144 1256 2227 cappellanus,
1279 2154 1491 2227 presentatus
1522 2166 1581 2228 per

322 2245 541 2310 Godesridum
573 2247 616 2312 de
647 2247 815 2311 Limhoud
846 2247 890 2311 ad
922 2247 1137 2313 medietatem
1169 2248 1309 2311 ecclesie
1338 2247 1382 2311 de
1412 2247 1581 2326 Waltona,

322 2351 410 2413 sacta
426 2351 516 2432 prius
533 2351 747 2434 inquisitione
771 2372 829 2434 per
846 2353 901 2429 M,
919 2351 1203 2415 Archidiaconum
1227 2351 1580 2433 Bukinghamiensem,

321 2473 380 2535 per
395 2473 496 2547 quam
513 2455 685 2536 negotium
701 2465 752 2518 est
769 2457 801 2518 in
817 2455 989 2537 expedit0,
1001 2454 1167 2526 admissus
1180 2464 1240 2531 est,
1252 2464 1286 2518 et
1298 2455 1332 2517 in
1344 2475 1385 2518 ea
1398 2455 1580 2519 medietate

321 2558 481 2620 canonice
498 2577 639 2638 persona
655 2559 836 2634 institutus,
852 2579 929 2620 cum
945 2555 1046 2621 onere
1061 2567 1095 2621 et
1111 2578 1198 2640 pena
1214 2558 1421 2621 vicariorum.
1469 2559 1514 2623 Et
1530 2559 1580 2622 in-

319 2659 471 2741 junctum
485 2671 536 2724 est
550 2661 797 2725 Archidiacono
810 2663 956 2744 presenti
969 2671 1006 2724 ut
1018 2662 1145 2725 dictum
1160 2662 1330 2745 Rogerum
1344 2662 1578 2745 cappellanum

322 2765 355 2828 in
372 2765 579 2848 corporalem
595 2765 745 2846 ejusdem
764 2764 955 2828 medietatis
971 2767 1226 2848 possessionem,
1239 2765 1423 2828 secundum
1437 2765 1578 2829 sormam

321 2871 528 2953 premissam,
544 2869 655 2933 induci
672 2869 779 2932 iaciat.

320 3054 437 3124 [Robert
450 3053 581 3122 chaptatn
598 3055 634 3122 of
640 3055 758 3116 Elsw,
770 3056 922 3124 presented
935 3056 969 3124 by
984 3055 1031 3108 tlte
1047 3055 1150 3108 Abbess
1165 3055 1226 3108 and
1243 3055 1370 3108 Convent
1383 3056 1420 3124 os
1425 3055 1544 3118 Ennw,
1555 3057 1581 3109 e's

384 3137 531 3190 e'rtstituted
539 3142 566 3190 to
576 3137 622 3189 the
626 3137 777 3204 perpetual
786 3139 917 3204 manage
928 3138 964 3205 os
974 3137 1137 3205 Westtury]

408 3255 600 3320 WESTBIRI
639 3255 1036 3332 V1cAR1A.—Robertus,
1074 3255 1266 3338 capellanus
1302 3255 1346 3319 de
1377 3255 1580 3331 Alnestowe,

320 3369 530 3443 presentatus
553 3379 613 3442 per
637 3358 855 3422 Abbatissam
879 3370 914 3423 et
937 3369 1138 3422 conventum
1155 3357 1198 3422 de
1222 3358 1417 3422 Alnestowe
1439 3360 1483 3423 ad
1507 3379 1580 3444 per·

320 3473 456 3548 petuam
482 3463 638 3526 vicariam
669 3461 808 3526 ecclesie
838 3461 881 3525 de
907 3461 1073 3538 Westbiri,
1100 3461 1289 3524 ordinatam
1317 3482 1376 3544 per
1402 3463 1578 3528 dominum

319 3567 518 3631 auctoritate
533 3565 683 3640 Concilii,
699 3565 788 3630 iacta
803 3567 894 3649 prius
914 3566 1128 3648 inquisitione
1145 3586 1203 3649 per
1220 3565 1275 3642 M,
1293 3565 1579 3631 Archidiaconum

321 3671 673 3754 Bukinghamiensem,
692 3691 752 3753 per
772 3690 883 3752 quam,
903 3679 975 3746 etc,
994 3669 1037 3732 ad
1058 3669 1199 3733 eandem
1221 3669 1387 3733 admissus
1407 3681 1468 3748 est,
1487 3681 1521 3735 et
1545 3673 1579 3735 in

319 3796 360 3840 ea
390 3796 465 3838 cum
494 3795 594 3838 onere
617 3784 651 3837 et
681 3794 769 3858 pena
792 3775 988 3838 vicariorum
1012 3775 1154 3837 vicarius
1185 3783 1366 3857 perpetuus
1397 3775 1579 3840 institutus.

322 3881 367 3944 Et
398 3878 584 3960 injunctum
616 3887 667 3942 est
705 3877 797 3941 dicto
836 3876 1085 3940 Archidiacono
1123 3878 1267 3960 presenti
1307 3887 1352 3954 ut,
1391 3887 1452 3942 etc
1501 3879 1579 3942 Non

320 3984 482 4048 habemus
499 3983 611 4047 literas
628 3983 858 4066 inquisitionis

320 4178 462 4248 [Williem
472 4177 507 4231 de
523 4177 621 4245 Upton,
633 4177 771 4245 chaptatn,
780 4177 931 4246 presented
944 4176 978 4245 by
987 4176 1033 4230 tlte
1049 4175 1138 4230 Aren
1151 4177 1213 4228 and
1228 4175 1356 4230 Convent
1369 4179 1406 4247 of
1416 4177 1580 4231 Messenden

385 4267 412 4316 to
426 4260 471 4314 tlte
481 4261 632 4330 perpetual
645 4261 776 4328 vr'carage
793 4261 828 4329 os
839 4259 885 4313 tlte
904 4259 1013 4312 Clturch
1030 4259 1066 4327 os
1080 4259 1254 4328 Caversfield
1268 4259 1380 4329 [Oxon],
1393 4261 1419 4314 is
1435 4261 1583 4316 instituted

385 4344 495 4404 tltereto,
507 4341 632 4396 Rtehard
640 4342 675 4396 de
686 4342 714 4394 E
715 4342 826 4400 ilesbr're',
838 4342 917 4406 clerk,
929 4342 1080 4410 resr‘gnr'ng
1091 4341 1136 4394 leis
1146 4341 1228 4395 claim
1239 4341 1362 4411 therete]

409 4461 957 4527 Ravennates-willelmus
972 4460 1016 4524 de
1038 4461 1066 4526 U
1071 4472 1184 4543 ptone,
1199 4461 1425 4544 cappellanus,
1445 4483 1579 4546 presen-

321 4578 410 4634 tatus
432 4586 491 4650 per
514 4566 685 4631 Abbatem
706 4577 740 4630 et
763 4574 967 4630 conventum
995 4564 1038 4628 de
1064 4565 1287 4629 Messendene
1310 4566 1353 4630 ad
1380 4577 1578 4650 perpetuam

320 4672 477 4737 vicariam
498 4670 635 4735 ecclesie
655 4671 697 4734 de
719 4668 966 4746 Kaveresfelde,
986 4668 1175 4733 ordinatam
1201 4689 1260 4751 per
1278 4669 1453 4734 dominum
1482 4672 1579 4754 Epis·

321 4797 454 4860 copum,
476 4775 673 4839 auctoritate
689 4774 839 4851 Concilii,
855 4773 944 4837 facta
966 4773 1056 4856 prius
1072 4773 1286 4855 inquisitione
1301 4794 1361 4856 per
1378 4775 1578 4858 Magistrum

321 4878 566 4956 Theobaldum,
582 4878 769 4943 Officialem
786 4877 1024 4942 Archidiaconi
1042 4876 1366 4960 Bukinghamiensis,
1382 4887 1416 4941 et
1433 4879 1579 4944 Ricardo

322 4985 365 5049 de
389 4983 553 5060 Eilesbiri,
575 4981 703 5059 clerico,
724 4982 788 5068 jus,
811 4983 838 5046 si
861 4981 952 5068 quod
976 4982 1009 5044 in
1033 4981 1151 5047 eadem
1175 4981 1299 5045 vicaria
1328 4981 1454 5060 habuit,
1477 4982 1579 5068 resig-
