3609 5642
334 572 405 656 296
683 566 820 640 Rotulz‘
835 568 1012 666 Hngonz's
1029 568 1072 641 de
1100 568 1233 642 Welles

329 803 477 868 [Wlliam.
489 804 628 873 ctaplaen,
634 805 784 873 presented
791 806 824 875 by
839 805 966 860 Wlliam
977 807 1011 859 de
1027 806 1183 869 Wastenees,
1196 808 1221 860 is
1235 806 1381 861 instituted
1394 812 1421 860 to
1435 807 1482 860 tlte
1497 806 1595 875 chupel

395 887 432 954 os
443 886 635 955 Osgartorpen

418 996 980 1075 ANGODESTORPE.—Willelmu3,
1025 999 1228 1081 capellanus
1272 1010 1485 1083 presentatus
1532 1022 1589 1083 per

330 1098 536 1164 Willelmum
567 1101 610 1165 de
640 1100 830 1165 Wasteneis
859 1101 902 1166 ad
928 1102 1091 1185 capellam
1119 1101 1162 1167 de
1187 1102 1480 1187 Angodesthorpe,
1506 1104 1593 1168 sacta

331 1203 421 1284 prius
452 1204 665 1286 inquisitione
696 1226 754 1287 per
782 1206 830 1282 R,
858 1204 1143 1269 Archidiaconum
1177 1206 1365 1283 Leicestrie,
1390 1227 1450 1289 per
1480 1228 1591 1289 quam,

329 1316 399 1385 etc,
415 1306 458 1371 ad
474 1306 616 1372 eandem
632 1309 798 1371 admissus
814 1319 873 1384 est,
889 1318 923 1372 et
939 1308 973 1371 in
990 1308 1062 1391 ipsa
1081 1309 1209 1391 capella
1229 1329 1305 1372 cum
1328 1330 1429 1374 onere
1451 1319 1487 1374 et
1507 1330 1593 1393 pena

329 1412 524 1475 vicariorum
542 1413 701 1476 canonice
716 1433 859 1495 persona
873 1424 926 1476 est
941 1413 1121 1477 institutus.
1165 1414 1210 1477 Et
1226 1413 1413 1495 injunctum
1429 1424 1482 1477 est
1498 1414 1590 1478 dicto

330 1515 578 1581 Archidiacono
594 1517 738 1598 presenti
754 1525 800 1593 ut,
815 1526 877 1580 etc.

328 1767 464 1838 [Thomas
473 1768 508 1821 de
521 1769 687 1829 Gnornhute,
699 1770 836 1839 chaplain,
844 1773 994 1838 presented
1001 1773 1035 1841 by
1046 1773 1091 1825 tlte
1102 1772 1192 1826 Attae
1204 1772 1264 1825 and
1276 1773 1402 1825 tbnvent
1410 1773 1446 1840 os
1455 1772 1590 1835 Cronden,

394 1851 496 1920 Staps,
508 1852 534 1903 is
543 1852 689 1906 instituted
696 1853 821 1921 niceros
836 1854 939 1923 Tngby.
976 1854 1033 1907 The
1044 1856 1175 1924 vebarage
1185 1854 1210 1907 is
1220 1853 1378 1919 described]

415 1963 777 2029 TOKEBv.—-·-Th0mas
798 1964 841 2029 de
861 1966 1065 2043 Gnoushale‚
1081 1966 1283 2049 capellanus
1300 1977 1512 2049 presentatus
1532 1988 1590 2049 per

330 2067 500 2131 Abbatem
522 2078 558 2131 et
579 2080 782 2133 conventum
805 2069 848 2133 de
874 2070 1089 2135 Crokesdene
1120 2070 1163 2133 ad
1187 2071 1344 2133 vicariam
1369 2070 1412 2134 de
1436 2070 1588 2153 Tokeby,

327 2172 416 2237 facta
445 2174 536 2255 prius
566 2174 779 2257 inquisitione
815 2196 873 2257 per
906 2176 954 2253 R,
986 2174 1269 2239 Archidiaconum
1310 2176 1499 2251 Leicestrie,
1529 2196 1587 2258 per

326 2297 437 2358 quam,
453 2287 524 2354 etc,
539 2279 582 2341 ad
600 2276 742 2342 eandem
762 2278 929 2343 admissus
948 2289 999 2343 est
1021 2290 1056 2343 et
1077 2280 1110 2342 in
1133 2280 1207 2361 ipsa
1226 2300 1302 2342 cum
1324 2299 1425 2343 onere
1445 2289 1480 2341 et
1503 2298 1589 2361 pena

325 2380 522 2444 vicariorum
560 2383 700 2445 vicarius
738 2392 919 2465 perpetuus
956 2394 1016 2460 est,
1053 2384 1233 2447 institutus.
1283 2383 1446 2448 Consistit
1484 2384 1585 2447 etiam

327 2486 449 2549 vicaria
479 2486 536 2550 illa
566 2487 597 2550 in
630 2487 786 2549 omnibus
818 2487 956 2551 minutis
986 2487 1125 2551 decimis
1152 2499 1186 2552 et
1221 2488 1449 2552 oblationibus
1486 2488 1587 2551 totius

325 2590 471 2668 ecclesie,
487 2610 563 2653 cum
579 2589 710 2654 duabus
733 2590 878 2673 capellis,
892 2600 928 2654 et
952 2592 984 2654 in
1009 2612 1075 2655 una
1098 2612 1211 2655 marca
1234 2612 1345 2655 annua
1369 2613 1428 2674 per
1451 2612 1585 2655 manum

325 2694 490 2758 dictorum
514 2694 752 2758 monachorum
775 2694 998 2777 percipienda,
1012 2716 1187 2777 quousque
1201 2716 1275 2759 eam
1296 2695 1329 2757 in
1351 2705 1442 2759 certo
1458 2694 1586 2758 redditu

325 2797 434 2861 eidem
459 2799 721 2881 assignaverint3
744 2808 778 2861 et
803 2799 890 2861 valet
913 2809 1048 2862 centum
1073 2798 1198 2862 solidos
1221 2810 1308 2862 teste
1332 2798 1585 2863 Archidiacono

328 2902 373 2965 Et
389 2900 575 2982 injunctum
592 2912 644 2965 est
659 2901 768 2965 eidem
787 2902 1035 2966 Archidiacono
1053 2904 1197 2986 presenti
1218 2914 1263 2981 ut,
1279 2912 1340 2967 etc.
1387 2902 1464 2965 Non
1487 2902 1586 2965 habe-

326 3026 400 3070 mus
416 3006 543 3071 litteras
560 3007 823 3089 presentationis.
872 3006 958 3070 ltem
973 3007 1017 3071 de
1033 3007 1189 3071 oneribus
1204 3028 1270 3071 non
1288 3018 1340 3072 est
1355 3006 1553 3072 ordinatum.

325 3310 503 3378 [Alexander.
526 3312 665 3379 chaplarn.
685 3310 835 3379 presented
854 3310 886 3378 by
908 3311 954 3364 tlte
975 3311 1102 3365 Prioress
1123 3310 1184 3363 and
1205 3311 1333 3363 Convent
1351 3311 1387 3377 os
1408 3309 1541 3379 Lungtey,
1562 3312 1586 3363 is

390 3394 536 3447 instituted
544 3395 667 3463 vr'caros
679 3393 861 3462 Desmont]

415 3504 905 3581 DIGESWRDE.—Alexander‚
920 3503 1122 3586 capellanus,
1138 3512 1348 3586 presentatus
1372 3524 1430 3586 per
1453 3504 1585 3567 Prioris-

325 3631 396 3672 sam
412 3621 448 3674 et
463 3620 666 3674 conventum
683 3608 726 3673 de
743 3608 925 3691 langeleia
937 3607 979 3671 ad
999 3619 1194 3691 perpetuam
1211 3608 1367 3672 vicariam
1389 3607 1528 3672 ecclesie
1543 3607 1585 3672 de

327 3712 568 3795 Digeswurthe,
584 3712 673 3775 sacta
689 3712 779 3795 prius
794 3711 1010 3793 inquisitione
1026 3732 1085 3794 per
1100 3709 1384 3775 Archidiaconum
1398 3711 1585 3787 leicestrie,

327 3837 511 3899 perquam,
527 3827 597 3893 etc,
613 3815 655 3878 ad
671 3815 814 3879 eandem
831 3814 998 3879 admissus
1014 3826 1074 3891 est,
1085 3824 1121 3879 et
1135 3816 1169 3878 in
1185 3834 1225 3879 ea
1241 3836 1317 3878 cum
1333 3836 1434 3879 onere
1449 3825 1485 3880 et
1500 3836 1586 3899 pena

326 3921 523 3985 vicariorum
546 3921 687 3984 vicarius
710 3931 891 4004 perpetuus
914 3922 1094 3985 institutus.
1142 3920 1305 4003 Percipiet
1328 3930 1441 3985 autem
1469 3942 1585 3985 omnes

325 4024 451 4088 fructus
465 4036 499 4089 et
514 4024 734 4089 obventiones
750 4025 837 4089 illius
852 4026 992 4089 ecclesie
1008 4036 1117 4108 preter
1137 4025 1267 4108 garbas,
1281 4036 1317 4089 et
1337 4037 1448 4109 preter
1463 4036 1583 4090 terram

324 4128 470 4192 ecclesie.
517 4128 669 4193 Predicte
692 4150 769 4193 vero
793 4130 956 4193 moniales
979 4130 1093 4193 omnia
1116 4150 1218 4192 onera
1241 4128 1327 4192 illius
1353 4129 1493 4193 ecclesie
1516 4150 1585 4193 sus-

325 4232 487 4296 tinebunt.
534 4234 612 4297 Non
630 4234 791 4298 habemus
807 4235 935 4298 litteras
951 4233 1216 4317 presentationis.

324 4522 442 4589 [Rotnt.
456 4536 507 4574 son
523 4521 559 4586 of
569 4518 667 4581 Fnlke,
679 4520 818 4588 ctnplain
824 4520 975 4587 presented
989 4520 1077 4589 bynu
1088 4519 1177 4573 Arbor
1186 4520 1248 4573 and
1265 4520 1436 4585 conventos
1446 4520 1586 4582 Ler'eester,

389 4604 414 4656 is
424 4602 570 4655 instituted
577 4602 701 4670 mbarqf
712 4603 752 4656 St.
765 4602 904 4667 nicholes,
918 4602 1068 4670 Leicester]

412 4714 553 4779 Sancn
587 4714 776 4779 Nrcnotm
809 4711 1268 4789 anssrma-Robertus,
1298 4710 1384 4775 filius
1422 4711 1587 4790 Fulconis‚

324 4817 550 4901 cappellanus,
580 4828 789 4901 presentatus
820 4838 879 4900 per
909 4817 1080 4881 Abbatem
1110 4828 1145 4880 et
1175 4826 1378 4880 conventum
1404 4814 1584 4882 Leicestrie

325 4922 367 4985 ad
392 4934 587 5005 perpetuam
612 4922 768 4985 vicariam
791 4922 929 4985 ecclesie
954 4922 1068 4986 Sancti
1095 4920 1248 4984 Nicholai
1274 4919 1479 4997 Leircestrie,
1496 4920 1582 4985 sacta

324 5028 414 5109 prius
439 5026 653 5109 inquisitione
680 5048 740 5109 per
766 5026 815 5102 R,
843 5025 1127 5089 Archidiaconum
1154 5024 1359 5101 Leircestrie
1385 5045 1580 5107 perquam,
