3609 5642
350 551 421 639 276
697 542 834 616 Rutuli
848 540 1026 639 Hugonz's
1052 541 1096 614 da
1123 540 1254 615 Welles

476 700 503 705 --
750 694 826 700 -.—
1147 694 1251 700 -——.-—
1281 695 1352 701 —-—.--

348 785 421 850 [The
447 784 549 839 churclr
575 782 612 851 of
632 778 817 849 Wymeswold
835 778 949 847 belongs
976 782 1004 830 to
1025 778 1071 831 the
1094 777 1221 831 convent
1244 778 1281 845 of
1304 776 1462 846 Beauclu'es,
1486 777 1604 847 Derbys„

415 866 555 929 Metaurus,
568 862 705 931 empturi,
718 862 743 913 is
754 860 901 914 instituted
909 860 994 914 vicar.
1032 859 1089 914 The
1098 861 1229 929 vr'carage
1240 861 1266 913 ir
1275 859 1432 929 described]

439 972 603 1035 Asmns
627 981 675 1031 ss
697 966 933 1031 Conventus
956 980 1006 1029 ou
1024 967 1150 1030 Besso
1174 966 1339 1031 Cumis:
1364 964 1605 1030 Wvuuuuss-

352 1074 733 1151 WALDE.-Nicholaus,
753 1073 955 1157 capellanus,
976 1082 1186 1157 presentatus
1206 1092 1265 1155 per
1285 1071 1455 1136 Abbatem
1475 1081 1510 1136 et
1529 1090 1605 1134 con-

351 1191 488 1247 ventum
526 1179 569 1243 de
607 1178 701 1241 Bello
738 1177 857 1261 Capite
894 1177 937 1241 ad
976 1186 1172 1261 perpetuam
1207 1177 1363 1239 vicariam
1393 1174 1532 1239 ecclesie
1564 1174 1606 1238 de

353 1281 679 1367 Wymundeswalde,
703 1282 892 1345 ordinatam
924 1282 1122 1345 auctoritate
1149 1280 1288 1346 Concilii
1313 1290 1347 1344 et
1370 1278 1413 1343 de
1443 1298 1604 1342 consensu

352 1388 516 1452 dictorum
545 1386 690 1450 Abbatis
715 1396 750 1451 et
776 1395 961 1450 conventus
989 1406 1048 1469 per
1073 1384 1248 1449 dominum
1277 1384 1494 1468 Episcopum,
1520 1380 1606 1444 facta

351 1492 441 1574 prius
461 1490 674 1572 inquisitione
695 1511 754 1573 per
772 1489 960 1554 Officialem
983 1489 1186 1567 Leircestriq
1206 1498 1277 1565 etc.,
1297 1498 1331 1552 et
1354 1486 1605 1549 Archidiaconis

350 1596 394 1660 de
416 1596 545 1661 Cestria
567 1606 601 1660 et
619 1596 663 1660 de
687 1596 822 1679 Dereby
845 1595 1099 1678 perhibentibus
1121 1616 1181 1679 per
1204 1595 1331 1659 litteras
1354 1613 1431 1656 suas
1454 1600 1606 1675 patentes

350 1689 579 1763 testimonium
613 1720 712 1783 super
742 1699 954 1763 ordinatione
986 1710 1020 1764 et
1050 1700 1191 1763 honesta
1221 1698 1474 1761 conversatione
1505 1696 1606 1778 ipsius

350 1802 522 1885 capellani,
545 1802 710 1866 admissus
732 1812 836 1867 estet
856 1804 889 1865 in
910 1824 950 1866 ea
970 1812 1151 1886 perpetuus
1171 1801 1312 1865 vicarius
1332 1801 1512 1873 institutus
1531 1818 1604 1861 cum

350 1925 450 1969 onere
479 1917 513 1969 et
544 1926 631 1989 pena
659 1907 865 1970 vicariorum.
913 1907 959 1971 Et
989 1907 1141 1971 consistit
1166 1905 1222 1968 illa
1248 1905 1370 1968 vicaria
1395 1905 1428 1966 in
1452 1903 1606 1966 omnibus

349 2009 574 2073 oblationibus
590 2010 712 2087 altaris,
723 2031 789 2093 que
803 2011 917 2074 valent
932 2010 1116 2075 secundum
1133 2028 1346 2072 communem
1359 2007 1603 2071 estimationem

350 2114 524 2177 annuatim
544 2114 788 2197 quinquaginta
806 2116 955 2197 quinque
974 2114 1099 2177 solidos
1121 2122 1155 2177 et
1175 2122 1318 2196 quatuor
1340 2110 1494 2175 denarios
1516 2120 1550 2173 et
1574 2111 1604 2173 in

350 2216 488 2280 decimis
503 2217 546 2281 de
560 2217 638 2281 albo
657 2218 844 2283 valentibus
863 2228 993 2301 septem
1013 2216 1138 2281 solidos
1156 2227 1190 2282 et
1206 2216 1322 2281 decem
1342 2214 1505 2292 denarios,
1520 2224 1555 2277 et
1573 2215 1604 2276 in

349 2319 489 2384 decimis
513 2320 688 2404 pullorum,
712 2321 901 2398 vitulorum,
924 2320 1155 2403 purcellorum‚
1180 2338 1338 2383 aucarum
1362 2328 1397 2382 et
1422 2337 1605 2401 pomorum,

349 2424 537 2488 valentibus
569 2445 627 2508 per
656 2445 782 2488 annum
813 2422 930 2488 decem
965 2423 1091 2487 solidos
1121 2424 1168 2507 [et
1191 2474 1197 2486 .
1221 2473 1228 2486 .
1252 2422 1285 2505 .]¹
1316 2422 1480 2498 denarios
1509 2430 1544 2484 et
1574 2420 1604 2483 in

349 2528 480 2591 decima
511 2527 568 2590 lini
598 2527 730 2591 valente
768 2548 827 2610 per
856 2547 982 2591 annum
1013 2526 1188 2591 dimidiam
1220 2544 1376 2603 marcam,
1405 2533 1440 2588 et
1470 2523 1605 2587 habebit

349 2632 491 2695 vicarius
507 2630 629 2694 toftum
645 2630 736 2713 quod
751 2629 923 2713 Johannes
945 2631 1086 2694 vicarius
1102 2630 1115 2713 [
1117 2678 1305 2693 .......
1307 2628 1321 2711 ]
1344 2678 1472 2691 .....
1476 2626 1482 2657 ¹
1501 2627 1605 2691 solvet

350 2733 526 2817 synodalia
541 2743 683 2798 tantum.
731 2734 776 2798 Et
792 2734 979 2815 injunctum
995 2744 1046 2799 est
1062 2732 1207 2799 Officiali
1224 2733 1377 2816 presenti,
1393 2742 1453 2796 etc.

350 2986 423 3056 [The
433 2988 534 3042 churclt
545 2990 582 3057 os
587 2987 763 3049 Barkcstone,
774 2988 927 3058 belonging
946 2994 974 3041 to
985 2988 1030 3043 tlte
1048 2988 1219 3057 Conventus
1230 2987 1353 3049 Belvoir,
1365 2986 1464 3045 Lince..
1475 2987 1502 3039 is
1517 2985 1604 3039 wouh

415 3074 450 3123 18
457 3070 559 3123 marks.
598 3069 654 3124 The
662 3070 796 3137 arcarage
806 3070 832 3121 is
841 3068 988 3129 desoibcd,
999 3070 1060 3122 and
1067 3072 1092 3123 is
1104 3070 1194 3123 worth
1205 3088 1222 3135 4
1233 3070 1347 3138 marku]

437 3172 590 3236 Pmoms
607 3186 654 3235 er
670 3174 905 3238 Conventus
921 3187 971 3236 us
989 3174 1186 3236 Bssveuoz
1207 3170 1604 3236 Bsnxsroue-Eccle-

349 3277 400 3339 sia
414 3275 458 3339 de
474 3275 681 3340 Barkestone
696 3276 786 3340 valet
801 3277 917 3340 decem
933 3285 968 3339 et
983 3284 1060 3339 octo
1076 3296 1212 3339 marcas,
1257 3275 1411 3339 Vicarius
1427 3284 1605 3357 perpetuus

350 3377 488 3442 habebit
504 3380 641 3444 nomine
655 3381 776 3445 vicarie
791 3401 850 3444 sue
870 3390 979 3445 totum
1000 3380 1198 3464 altaragium
1223 3426 1593 3444 .............
1597 3377 1604 3407 ¹

350 3482 485 3564 insuper
504 3502 524 3545 a
545 3484 657 3547 Priore
675 3494 709 3548 et
729 3494 895 3548 conventu
917 3483 960 3547 de
982 3484 1121 3548 Belvero
1140 3504 1199 3567 per
1221 3502 1346 3547 annum
1371 3492 1438 3546 tres
1460 3502 1606 3545 summas

351 3584 508 3649 frumenti
525 3585 685 3669 pacabilis
701 3587 743 3650 ad
766 3586 887 3650 festum
908 3588 1014 3650 sancti
1037 3586 1213 3651 Michaelis
1236 3634 1605 3650 .............

350 3736 482 3753 .....
486 3688 494 3717 ¹
510 3690 633 3754 vicaria
649 3691 738 3755 valet
753 3702 896 3774 quatuor
912 3712 1048 3756 marcas.
1094 3690 1150 3774 [In
1160 3690 1213 3754 the
1224 3690 1355 3773 margin
1368 3690 1434 3774 :-]
1451 3690 1605 3754 Mansum

351 3811 419 3855 non
434 3800 485 3855 est
502 3794 718 3877 assignatum.

352 3977 425 4046 [th
435 3980 567 4047 vacarage
576 3980 613 4047 of
619 3980 786 4048 Swinsord.]

444 4085 801 4149 ——.—Vicaria
821 4086 864 4149 de
884 4085 1090 4150 Swinelorde
1109 4086 1263 4149 ordinata
1282 4094 1333 4149 est
1357 4104 1417 4167 per
1433 4083 1605 4147 dominum

354 4184 560 4269 Episcopum
577 4187 619 4252 de
639 4208 801 4252 consensu
823 4189 862 4253 R.
882 4189 925 4253 de
947 4190 1043 4267 Diva,
1059 4190 1180 4253 Prioris
1202 4190 1355 4254 Fratrum
1376 4188 1550 4271 hospitalis
1571 4236 1578 4249 .
1600 4236 1607 4250 .

353 4338 632 4354 ..........
635 4290 644 4321 ¹
669 4292 702 4355 in
726 4293 835 4358 rotulo
859 4294 1039 4358 Leicestrie
1062 4292 1106 4356 de
1129 4293 1394 4358 institutionibus
1417 4292 1496 4356 anni
1520 4288 1607 4373 xvjmi

355 4394 551 4458 continetur.

354 4630 426 4694 [The
441 4630 542 4764 chuzch
558 4632 594 4700 os
605 4631 739 4766 zangar
752 4634 777 4686 is
793 4634 883 4687 rumh
902 4650 934 4686 ιο
952 4634 1054 4687 marks.
1093 4634 1149 4687 The
1159 4634 1292 4701 maringe
1311 4634 1336 4686 is
1351 4632 1496 4693 desmteu
1512 4632 1572 4685 aad
1586 4630 1608 4683 is

420 4718 494 4765 wort
518 4728 614 4778 smar
645 4717 664 4777 .]

444 4816 858 4881 pruneius-Ecclesia
896 4818 941 4882 de
979 4818 1144 4901 Plungare
1181 4818 1270 4881 valet
1314 4816 1431 4881 decem
1473 4836 1608 4880 marcas.

884 5016 893 5046 ¹
907 5014 982 5069 Tum
995 5031 1082 5084 away.
