3609 5642
613 575 790 674 Episcopi
805 574 1089 650 Lz'ncolniensi's.
1433 597 1472 648 21

224 815 337 950 [Rohgt
356 815 456 967 Folpht,
476 815 643 880 mb-deacon,
657 813 807 883 presented
824 815 857 883 by
879 815 987 868 Walter
998 814 1098 878 Foliot,
1119 815 1145 867 is
1164 815 1310 868 instituted
1323 817 1431 882 parson
1449 815 1485 884 of

320 902 404 952 stone.

312 1027 764 1092 YBBESTANE.-·Robertus
789 1026 908 1102 Foliot,
931 1025 1164 1102 subdiaconus,
1188 1035 1398 1108 presentatus
1421 1046 1480 1109 per

224 1129 411 1195 Walterum
430 1131 539 1195 Foliot
556 1131 598 1195 ad
614 1132 788 1196 ecclesiam
805 1129 847 1194 de
860 1130 1143 1207 Ybbestan,sacta
1159 1130 1249 1212 prius
1266 1129 1479 1212 inquisitione

224 1254 283 1318 per
299 1235 360 1311 W,
377 1234 564 1300 Officialem
582 1235 819 1299 Archidiaconi
844 1232 966 1311 Oxon’,
982 1255 1041 1317 per
1060 1254 1171 1316 quam,
1186 1244 1257 1309 etc,
1273 1233 1315 1297 ad
1337 1232 1478 1297 eandem

224 1339 390 1404 admissus
405 1349 457 1405 est
472 1351 505 1404 et
523 1341 554 1402 in
572 1361 611 1403 ea
627 1339 786 1403 canonice
802 1358 945 1421 persona
961 1338 1141 1414 institutus,
1156 1347 1191 1400 et
1215 1337 1411 1401 mandatum
1429 1347 1479 1401 est

224 1443 316 1508 dicto
333 1443 478 1509 Officiali
495 1454 540 1521 ut,
556 1454 616 1508 etc.

223 1669 444 1738 [Bartholomew
463 1669 497 1723 de
515 1669 684 1736 Bedewind,
702 1669 839 1738 ehaplcen.
852 1669 1001 1738 presented
1018 1669 1052 1737 by
1067 1668 1113 1721 the
1129 1667 1216 1721 Prior
1229 1669 1292 1724 and
1309 1670 1436 1723 Convent
1449 1669 1485 1738 os

289 1750 527 1900 {lgffiwm'
544 1752 570 1804 is
591 1751 737 1805 instituted
751 1750 901 1819 perpetual
915 1751 995 1804 vicar
1013 1750 1049 1818 of
1061 1750 1198 1804 Fn‘twell.
1236 1751 1293 1804 The
1308 1751 1440 1820 wearage
1455 1751 1481 1803 is

314 1963 574 2025 FRETEWELLE
599 1959 1073 2026 VICARIA.—Bartholomeus
1103 1960 1146 2025 de
1178 1960 1377 2039 Bedewind',
1404 1982 1479 2045 cap·

226 2064 387 2148 pellanuS,
402 2076 612 2147 presentatus
639 2087 698 2148 per
725 2065 871 2128 Priorem
896 2074 930 2128 et
953 2073 1155 2129 conventum
1180 2065 1304 2130 Sancte
1329 2066 1481 2130 Frethes·

225 2170 334 2246 withe,
362 2169 483 2246 Oxon’,
509 2170 551 2234 ad
582 2180 778 2253 perpetuam
803 2170 960 2232 vicariam
1000 2169 1033 2232 in
1064 2169 1203 2233 ecclesia
1232 2168 1275 2233 de
1307 2170 1481 2234 Fritewell'

225 2275 423 2338 auctoritate
454 2275 594 2339 Concilii
625 2274 822 2351 ordinatam,
852 2273 941 2337 sacta
971 2274 1062 2355 prius
1095 2273 1309 2355 inquisitione
1340 2294 1399 2357 per
1431 2274 1482 2352 A,

227 2376 511 2443 Archidiaconum
529 2377 651 2454 Oxon’,
666 2399 726 2461 per
740 2398 851 2460 quam,
867 2385 939 2453 etc,
954 2375 997 2439 ad
1019 2377 1162 2440 eandem
1186 2377 1352 2441 admissus
1374 2387 1433 2455 est,
1448 2388 1483 2442 et

226 2483 260 2545 in
285 2502 326 2546 ea
347 2502 423 2546 cum
447 2503 547 2546 onere
569 2494 603 2546 et
627 2503 714 2566 pena
729 2481 937 2558 vicariorum,
951 2479 1024 2545 etc.¹
1072 2480 1233 2545 Consistit
1256 2491 1368 2545 autem
1392 2481 1483 2546 dicta

226 2587 348 2650 vicaria
378 2587 410 2650 in
438 2587 595 2651 omnibus
621 2586 877 2650 obventionibus
905 2585 1018 2649 altaris
1042 2595 1076 2648 et
1108 2585 1141 2648 in
1165 2584 1321 2648 omnibus
1347 2585 1483 2648 minutis

225 2690 365 2754 decimis
381 2691 483 2754 totius
499 2691 663 2773 parochie,
679 2701 713 2754 et
729 2690 763 2753 in
779 2689 918 2753 decimis
935 2687 1024 2752 bladi
1040 2698 1074 2752 et
1091 2688 1156 2751 leni
1180 2697 1214 2752 et
1237 2687 1393 2751 omnibus
1411 2688 1483 2752 aliis

226 2781 370 2859 decimis
390 2794 661 2878 provenientibus
688 2793 731 2858 de
769 2794 873 2858 tribus
901 2793 1037 2876 virgatis
1068 2804 1153 2857 terre
1184 2793 1216 2856 in
1247 2792 1365 2856 eadem
1397 2792 1483 2868 villa,

227 2898 354 2962 scilicet
376 2919 460 2980 quas
484 2898 648 2962 Ricardus
675 2897 761 2961 filius
786 2896 920 2961 Radulfi
946 2906 1047 2972 tenet,
1069 2907 1104 2960 et
1129 2897 1161 2960 in
1186 2917 1252 2959 uno
1276 2895 1383 2960 crolto
1406 2916 1482 2959 cum

228 3004 409 3088 mesuagi0,
424 3004 495 3067 sine
517 3013 612 3086 prato
634 3013 747 3066 tamen
771 3001 962 3083 adjacente;
985 3011 1019 3065 et
1041 3000 1237 3064 mandatum
1253 2999 1345 3064 dicto
1363 3000 1481 3063 Archi-

227 3107 370 3172 diacono
387 3119 432 3186 ut,
447 3117 508 3172 etc.

226 3333 363 3402 [Thomas
378 3333 412 3387 de
428 3332 560 3397 Bracket,
578 3332 714 3400 cnaplain,
730 3331 878 3400 presinted
891 3331 925 3399 by
940 3331 985 3384 tlte
1001 3331 1165 3385 noeoeane
1182 3332 1356 3401 Conventus
1370 3332 1480 3402 Oseney,

291 3416 317 3468 is
332 3415 479 3469 irestetuted
486 3415 637 3482 perpensat
653 3415 733 3468 vicar
746 3414 782 3482 os
794 3413 839 3466 tlte
858 3412 957 3480 ceapel
970 3412 1005 3481 of
1011 3412 1159 3481 Sandsord
1167 3413 1209 3467 St.
1222 3413 1341 3477 Martiis,
1354 3413 1423 3466 with
1437 3414 1483 3468 ene

292 3496 392 3564 chapel
405 3496 441 3564 of
452 3495 582 3549 Ledwell.
622 3495 677 3548 Tlee
687 3496 818 3564 mearage
832 3496 856 3547 is
872 3495 1027 3563 deserum]

314 3625 548 3690 SAUNFORDE
586 3623 954 3689 VICARIA.—Thomas
991 3622 1033 3686 de
1069 3623 1227 3702 ihachel,
1256 3623 1481 3707 cappellanus,

227 3738 436 3810 presentatus
453 3748 511 3810 per
528 3727 697 3791 Abbatem
713 3738 748 3791 et
763 3737 965 3792 conventum
982 3727 1025 3791 de
1049 3727 1195 3792 Oseneia
1217 3726 1260 3790 ad
1285 3737 1481 3811 perpetuam

225 3831 381 3895 vicariam
413 3831 550 3896 ecclesie
580 3831 623 3896 de
654 3831 849 3907 Saunlorde,
874 3831 963 3895 sacta
988 3831 1078 3913 prius
1109 3831 1323 3913 inquisitione
1348 3852 1406 3914 per
1431 3832 1482 3909 A,

227 3934 510 4012 Archidiaconum
537 3935 658 4011 Oxon',
675 3947 733 4018 per
751 3953 861 4017 quam,
877 3945 948 4011 etc,
964 3933 1130 3997 admissus
1153 3945 1204 3999 est
1227 3947 1260 3999 et
1284 3936 1318 3998 in
1341 3955 1382 3998 ea
1404 3956 1480 3999 cum

224 4059 325 4103 onere
351 4049 384 4103 et
412 4059 498 4121 pena
522 4039 728 4114 vicariorum,
755 4049 815 4102 etc.
861 4038 1023 4104 Consistit
1053 4049 1165 4102 autem
1191 4039 1313 4102 vicaria
1345 4041 1417 4123 ipsa
1447 4040 1480 4102 in

224 4141 380 4205 omnibus
396 4141 652 4205 obventionibus
665 4142 778 4205 altaris
790 4141 940 4223 ejusdem
951 4141 1077 4224 capelle
1088 4162 1163 4204 cum
1182 4143 1318 4205 minutis
1333 4140 1480 4219 decimis

224 4256 258 4310 et
274 4247 307 4309 in
323 4254 467 4329 quatuor
482 4245 565 4309 acris
589 4254 622 4308 et
645 4245 785 4309 dimidia
808 4245 850 4309 ad
874 4245 1017 4309 eandem
1041 4245 1203 4327 capellam
1229 4245 1481 4328 pertinentibus

223 4360 258 4413 et
280 4349 457 4413 sustinebit
473 4349 613 4412 vicarius
636 4351 749 4412 omnia
773 4369 875 4412 onera
896 4348 1044 4432 predicte
1067 4348 1195 4430 capelle
1219 4349 1422 4432 episcopalia
1446 4360 1480 4414 et

224 4452 501 4516 archidiaconalia
539 4461 706 4528 consueta,
738 4463 847 4535 preter
883 4452 1069 4534 hospicium
1102 4452 1261 4535 Episcopi
1296 4462 1331 4515 et
1363 4453 1479 4517 Archi·

224 4557 365 4634 diaconi,
381 4565 415 4621 et
441 4555 539 4619 saciet
564 4557 691 4639 capelle
718 4557 760 4620 de
789 4554 976 4620 Ledewelle
1001 4566 1099 4637 prout
1129 4556 1230 4619 debet
1254 4555 1419 4633 deserviri,
1445 4569 1480 4622 et

224 4660 384 4744 percipiet
409 4659 540 4723 tertiam
558 4669 686 4741 partem
703 4662 852 4723 omnium
869 4658 1073 4722 decimarum
1090 4658 1132 4721 de
1149 4658 1259 4723 Grava
1275 4679 1335 4741 pro
1351 4669 1479 4724 susten-

223 4764 351 4828 tatione
367 4763 539 4846 capellani,
554 4771 588 4827 et
605 4763 801 4827 mandatum
818 4773 868 4827 est
884 4764 975 4827 dicto
991 4760 1240 4825 Archidiacono
1257 4773 1302 4839 ut,
1318 4773 1379 4826 etc.

1217 4951 1460 4960 ——an--n

371 5062 378 5092 ¹
395 5060 424 5113 ln
437 5062 485 5112 the
497 5063 609 5129 margin,
623 5061 728 5130 “N[0n]
741 5061 899 5132 ha[bemus]
913 5061 1042 5130 li[tteras]
1056 5077 1119 5128 pres
1126 5058 1322 5128 [entationls'f'.
