3609 5642
321 566 389 651 164
668 558 804 632 Rutuli
818 557 995 655 Hugonis
1020 557 1064 630 de
1091 556 1222 629 Welles

318 711 631 718 --—-—-—..-—-—--
655 711 736 716 η,-
760 709 1143 716 -—--—-.-—-.—----
1159 709 1248 714 ——-
1282 710 1387 715 ———.-
1412 710 1547 715 -----—.

316 794 602 928 [sohlnvdehlaloutone
615 793 756 862 formerly
767 793 945 846 Archdeacon
955 794 991 858 os
1002 791 1135 857 Bedsorel,
1147 793 1173 843 is
1188 791 1337 844 instituted
1351 791 1529 846 Arehdeacen
1544 795 1583 862 of

411 881 456 929 ort
493 877 610 942 miton]

406 978 568 1060 Magister
596 977 766 1059 Johannes
789 976 832 1040 de
857 976 1027 1052 Houtone,
1051 976 1141 1057 prius
1172 974 1439 1039 Archidiaconus
1468 973 1575 1037 Bede-

317 1081 429 1157 lordie,
445 1081 497 1143 cui
513 1080 669 1145 dominus
683 1081 871 1162 Episcopus
889 1079 1208 1143 Archidiaconatum
1225 1079 1367 1143 contulit
1384 1079 1575 1159 Norhamp-

316 1184 415 1260 tonie,
440 1183 539 1247 salvis
561 1184 623 1247 sibi
651 1184 782 1248 duabus
807 1184 1016 1266 portionibus
1040 1192 1287 1265 sequestrorum
1311 1182 1345 1244 in
1368 1181 1499 1258 eodem,
1522 1191 1576 1244 est

318 1286 582 1351 Archidiaconus
599 1308 657 1371 per
680 1287 809 1364 librum,
825 1296 862 1350 ut
885 1285 954 1350 fieri
978 1287 1158 1361 consuevit,
1181 1286 1361 1349 institutus.
1408 1285 1454 1348 Et
1480 1305 1575 1347 man-

316 1389 433 1454 datum
449 1399 500 1454 est
517 1391 655 1455 Decano
673 1390 897 1454 Lincolniensi
914 1389 1005 1472 quod
1018 1389 1153 1452 stallum
1170 1388 1216 1451 illi
1238 1389 1272 1450 in
1288 1389 1390 1451 choro
1408 1398 1443 1452 et
1463 1388 1575 1452 locum

317 1494 349 1557 in
380 1494 536 1577 capitulo,
565 1493 748 1558 secundum
784 1493 922 1557 ecclesie
954 1492 1128 1557 Lincolnie
1157 1493 1444 1568 consuetudinem,
1474 1491 1575 1555 iaciat

315 1598 484 1683 assignari.
546 1599 745 1662 Mandatum
776 1607 827 1661 est
857 1597 958 1661 etiam
997 1596 1184 1672 abbatibus,
1222 1596 1395 1678 prioribus,
1424 1596 1571 1671 decanis,

304 1702 474 1785 personis,
497 1703 634 1780 vicariis
656 1702 836 1784 capellanis
859 1711 893 1766 et
916 1702 998 1778 aliis,
1014 1711 1084 1764 tarn
1108 1700 1234 1763 clericis
1257 1721 1358 1783 quarn
1383 1701 1475 1764 laicis
1500 1702 1573 1764 uni·

315 1807 417 1868 versis
433 1827 492 1888 per
508 1806 828 1870 Archidiaconatum
852 1805 1121 1886 Norhamptonie
1141 1804 1339 1882 constitutis
1355 1805 1446 1886 quod
1461 1803 1573 1868 eidem

315 1909 468 1973 decetero
483 1911 550 1974 sint
566 1910 777 1974 intendentes
792 1919 826 1974 et
842 1919 1015 1992 tamquam
1027 1909 1274 1972 Archidiacono
1289 1930 1350 1972 suo
1366 1909 1570 1974 obedientes.

315 2254 438 2320 [Walter
452 2254 485 2306 de
496 2254 625 2316 Meltone,
640 2255 736 2307 Canon
753 2254 789 2322 of
800 2254 840 2307 St.
851 2253 956 2320 sames,
971 2253 1183 2320 Northamptou‚
1201 2253 1302 2306 elected
1320 2253 1408 2321 hythe
1419 2254 1506 2308 Prior
1514 2255 1577 2307 aud

382 2337 513 2402 Conveni,
522 2337 591 2389 witta
604 2337 648 2390 tire
659 2343 770 2390 consent
780 2337 816 2405 os
821 2337 867 2389 the
882 2336 915 2387 K
912 2336 975 2404 ing,
986 2337 1011 2388 is
1022 2335 1169 2388 instituted
1182 2335 1271 2388 Abiot
1281 2336 1317 2403 of
1323 2337 1369 2389 tlte
1378 2338 1474 2405 same]

403 2449 519 2510 Frater
544 2447 713 2512 Walterus
738 2447 781 2510 de
810 2447 969 2524 Meltone,
995 2447 1175 2510 canonicus
1202 2445 1316 2511 Sancti
1341 2447 1457 2528 Jacobi
1487 2449 1571 2511 Nor-

314 2551 518 2633 hamptonie,
547 2552 672 2616 electus
703 2551 736 2614 in
769 2550 939 2614 Abbatem
970 2549 1119 2631 ejusdem
1159 2551 1222 2613 loci
1257 2571 1315 2633 per
1354 2553 1500 2614 Priorem
1538 2563 1572 2615 et

313 2665 515 2718 conventum
533 2655 667 2732 ibidem,
683 2656 925 2719 interveniente
946 2655 1073 2718 domini
1091 2655 1195 2738 Regis
1216 2673 1362 2730 assensu,
1377 2654 1466 2718 facta
1482 2657 1572 2737 prius

313 2759 564 2822 examinatione
587 2759 629 2822 de
652 2758 813 2822 mandato
838 2759 996 2841 Episcopi
1021 2778 1080 2840 per
1112 2758 1291 2840 Magistros
1321 2758 1506 2822 Robertum
1530 2758 1572 2822 de

315 2863 480 2926 Bathonia
504 2871 538 2926 et
562 2863 742 2926 Ricardum
766 2863 809 2926 de
831 2863 979 2939 Wenlac,
1003 2883 1062 2945 per
1087 2882 1154 2940 que
1185 2882 1260 2925 cum
1285 2863 1457 2944 negotium
1485 2874 1571 2927 esset

314 2967 346 3029 in
362 2966 524 3049 expedito
539 2965 582 3028 ad
606 2965 747 3029 eandem
772 2966 942 3030 abbatiam
967 2966 1134 3030 admissus
1158 2975 1218 3042 est,
1233 2974 1268 3028 et
1291 2965 1324 3028 in
1351 2985 1392 3028 ea
1413 2967 1574 3030 canonice

313 3070 431 3134 Abbas
456 3080 491 3133 ut
515 3071 616 3133 moris
639 3069 717 3153 [est]
742 3071 921 3135 institutus.
969 3071 1013 3135 Et
1030 3070 1227 3133 mandatum
1248 3080 1301 3133 est
1322 3069 1462 3133 domino
1485 3071 1572 3135 Con·

316 3175 496 3238 ventriensi
519 3173 608 3256 quod
632 3176 740 3238 electo
763 3175 913 3258 predicto
937 3195 1058 3238 munus
1081 3173 1322 3238 benedictionis
1346 3175 1418 3236 vice
1444 3175 1571 3238 domini

312 3278 494 3360 impendat.
547 3277 806 3360 injunctumque
830 3288 881 3342 est
906 3277 1123 3361 postmodum
1146 3278 1185 3359 J„
1209 3276 1458 3340 Archidiacono
1487 3278 1572 3341 Nor-

312 3382 508 3464 hamptonie
524 3383 668 3465 presenti
685 3393 722 3446 ut
738 3384 824 3445 circa
841 3382 1101 3446 installationem
1119 3383 1231 3464 ipsius,
1246 3391 1306 3444 etc.

786 3802 926 3866 Annus
949 3797 1083 3864 xxnrlt

400 3885 468 3969 [On
486 3887 538 3950 the
544 3889 620 3967 face
631 3887 701 3970 .·-]

318 4004 459 4069 [Willinm
484 4004 517 4056 cte
537 4005 676 4072 Cugrnlro,
693 4004 860 4066 sech-eleacon,
873 4005 1024 4072 presented
1037 4006 1071 4074 by
1087 4005 1132 4058 tire
1148 4004 1236 4058 Prior
1255 4005 1317 4058 aud
1340 4005 1518 4077 Conventus
1531 4012 1573 4064 St.

377 4085 529 4150 Animis,
548 4085 762 4154 Northampton,
780 4087 855 4145 aster
868 4103 887 4139 a
903 4087 1012 4155 dispute
1022 4087 1105 4139 about
1114 4086 1159 4139 tlte
1166 4080 1331 4154 patronoke.
1348 4088 1373 4139 is
1389 4088 1539 4144 instituted
1546 4097 1576 4145 to

381 4167 426 4219 tire
435 4167 536 4220 chureii
547 4168 583 4235 of
594 4167 702 4220 Weston
711 4167 832 4237 Favell.]

401 4277 812 4361 WESTONE.-Magister
842 4279 1030 4343 Willelmus
1059 4278 1102 4342 de
1139 4276 1311 4359 Cugenho,
1340 4279 1576 4360 subdiaconus,

314 4388 522 4462 presentatus
535 4400 593 4461 per
604 4381 750 4445 Priorem
760 4392 794 4446 et
804 4393 1007 4446 conventum
1020 4382 1135 4448 Sancti
1147 4381 1225 4445 And
1231 4403 1283 4445 ree
1295 4383 1326 4445 N
1329 4383 1574 4466 orhamptonie,

313 4483 355 4546 ad
381 4483 555 4546 ecclesiam
578 4483 621 4547 de
637 4484 807 4564 Westone‚
832 4487 921 4550 facta
944 4488 1034 4570 prius
1063 4487 1278 4569 inquisitione
1298 4507 1357 4570 per
1371 4487 1574 4569 Johannem,

315 4587 598 4651 Archidiaconum
628 4590 903 4674 Norhamptonie,
933 4601 967 4656 et
998 4594 1139 4674 receptis
1166 4593 1283 4656 litteris
1307 4592 1434 4656 domini
1467 4592 1573 4674 Regis

313 4692 561 4756 continentibus
584 4694 684 4775 quod,
700 4717 775 4758 cum
799 4696 970 4778 Johannes
998 4699 1120 4763 Fauvel
1146 4709 1181 4763 et
1205 4699 1370 4762 Radulsus
1392 4696 1509 4762 Griffin
1536 4699 1570 4762 in

312 4797 403 4860 curia
418 4795 567 4877 ejusdem
581 4797 710 4862 domini
721 4821 832 4863 coram
848 4800 1038 4881 justiciariis
1047 4804 1115 4866 suis
1131 4804 1220 4886 apud
1232 4797 1571 4868 Westmonasterium

314 4901 531 4964 aramiassent
554 4904 692 4967 assisam
717 4904 833 4968 ultime
856 4909 1113 4988 presentationis
1134 4928 1246 4971 versus
1269 4907 1395 4970 dictum
1421 4906 1570 4970 Priorem

313 5003 510 5067 deecclesia
525 5007 675 5088 predicta
691 5007 791 5072 iidem
807 5009 978 5091 Johannes
994 5021 1027 5074 et
1046 5011 1210 5075 Radulsus
1222 5019 1383 5075 venerunt
1399 5010 1433 5073 in
1448 5009 1569 5074 eadem
