3609 5642
352 584 422 673 278
694 582 831 657 Rotuli
852 581 1030 681 Hugom's
1055 582 1098 655 dt
1134 582 1266 655 Welles

417 829 562 912 [Mem]
598 840 602 847 '

405 988 408 991 ⁹
565 979 1028 1157 Qrcssitioconntut
1070 982 1386 1115 Etitctttrit.

875 1260 1016 1324 Annus
1038 1272 1101 1323 x1„

348 1429 463 1495 rnaben,
475 1430 554 1493 ctat,
567 1430 684 1499 neptem
694 1430 855 1499 oss’tepten
866 1430 901 1483 a
912 1408 1046 1499 segrava,
1055 1428 1206 1497 presented
1214 1428 1247 1497 ty
1257 1428 1302 1481 ne
1313 1429 1428 1481 Praetor
1436 1427 1524 1495 qfne
1536 1428 1610 1480 Eart

414 1512 449 1580 of
460 1512 632 1577 Witctrester,
644 1514 670 1565 is
681 1512 827 1566 instituted
835 1517 863 1566 to
873 1513 919 1565 tte
929 1512 1031 1566 churctt
1041 1512 1077 1581 os
1082 1511 1203 1581 Sydon]
1573 1552 1576 1557 Δ

426 1630 887 1710 Ι51ὓΕετοΝΕ.-1ἶοὶ>εηιιε,
911 1631 1058 1709 clericus,
1078 1650 1183 1713 nepos
1204 1630 1368 1714 Stephani
1388 1630 1431 1695 de
1451 1630 1605 1714 Segrava,

349 1745 559 1819 presentatus
587 1756 645 1819 per
667 1746 916 1818 procuratorem
941 1734 1082 1799 Comitis
1106 1734 1279 1797 Wintonie
1302 1734 1344 1797 ad
1367 1734 1541 1799 ecclesiam
1564 1733 1606 1797 de

350 1839 560 1915 Sidhestone,
580 1839 668 1903 sacta
688 1840 778 1923 prius
801 1840 1017 1923 inquisitione
1039 1858 1100 1922 per
1123 1839 1324 1922 Magistrum
1349 1838 1399 1913 R,
1419 1836 1603 1902 Officialem

350 1941 587 2006 Archidiaconi
605 1944 809 2021 Leircestrie,
824 1954 859 2007 et
878 1942 1006 2031 [blank]
1025 1941 1283 2033 deTebauville
1304 1951 1436 2004 mortuo
1455 1934 1511 2023 qui
1531 1960 1604 2005 eam

349 2047 465 2122 tenuit,
481 2067 540 2129 per
555 2067 620 2129 que
636 2048 808 2131 negotium
826 2048 888 2111 suit
903 2048 937 2111 in
957 2046 1128 2131 expedita
1143 2046 1194 2109 ad·
1207 2045 1350 2110 eandem
1370 2054 1421 2109 est
1441 2044 1605 2109 admissus

348 2160 383 2213 et
407 2151 440 2213 in
467 2172 507 2213 ea
531 2153 690 2215 canonice
715 2135 860 2234 'persona
890 2152 1070 2215 institutus.
1131 2150 1176 2215 Et
1207 2149 1405 2214 mandatum
1436 2158 1487 2212 est
1516 2149 1605 2212 dicto

349 2253 492 2318 Officiali
524 2253 613 2336 quod
646 2256 811 2338 prefatum
844 2255 1030 2319 Robertum
1063 2254 1327 2337 incorporalem
1354 2253 1444 2317 dicte
1469 2252 1606 2316 ecclesie

349 2360 593 2441 possessionem
626 2359 770 2423 inducat.
830 2358 1022 2440 lnjunctum
1048 2368 1100 2423 est
1130 2370 1242 2423 autem
1274 2359 1336 2441 ipsi
1367 2357 1487 2420 clerico
1516 2353 1605 2439 quod

348 2462 456 2526 scolas
487 2462 682 2544 frequentet,
706 2473 740 2526 et
767 2473 877 2547 partes
903 2484 980 2527 suas
1011 2462 1172 2539 addiscat,
1197 2470 1230 2525 et
1256 2481 1353 2525 usum
1384 2459 1543 2524 cantandi
1574 2460 1603 2521 in

347 2564 487 2629 ecclesia
506 2576 672 2643 exerceat,
693 2567 739 2630 ita
761 2568 851 2649 quod
876 2567 920 2631 ad
944 2567 1065 2630 festum
1091 2566 1206 2631 Sancti
1232 2563 1406 2647 Michaelis
1429 2565 1543 2628 veniat
1565 2561 1606 2625 ad

348 2669 523 2733 dominum
556 2670 765 2754 Episcopum
794 2682 882 2735 tune
905 2669 1153 2735 examinandus
1180 2669 1321 2751 qualiter
1348 2670 1381 2732 in
1409 2669 1508 2732 scolis
1536 2688 1607 2752 pre-

349 2774 482 2849 secerit3
511 2782 545 2836 et
566 2773 592 2835 si
614 2772 771 2836 dominus
795 2773 984 2857 Episcopus
1007 2772 1249 2855 bonamspem
1276 2771 1320 2835 de
1346 2792 1387 2835 eo
1410 2772 1608 2855 conceperit,

349 2876 546 2941 beneficium
563 2897 660 2939 suum
677 2878 841 2955 retineat;
864 2878 915 2939 sin
933 2888 1044 2941 autem
1063 2876 1143 2957 illud
1160 2876 1302 2940 amittat
1342 2898 1346 2907 ·

348 3238 507 3307 [Batynnae
529 3239 667 3307 chaptzin,
687 3238 749 3292 and
763 3238 845 3290 vicar
859 3238 895 3306 os
909 3237 1046 3306 Lowesty,
1062 3237 1213 3305 presented
1229 3236 1263 3306 by
1281 3237 1326 3290 titt
1346 3236 1494 3306 Preceptor
1513 3238 1550 3305 os
1565 3235 1609 3289 the

415 3321 506 3376 orda
515 3322 550 3390 os
556 3322 595 3374 St.
609 3321 742 3384 Lanam,
755 3321 781 3373 is
792 3321 938 3373 instituted
946 3326 973 3373 to
984 3320 1029 3374 tte
1039 3336 1115 3373 same
1126 3319 1247 3389 thurci]

437 3441 839 3517 LOUSEBv.-Barionas,
860 3440 1062 3524 capellanus
1081 3440 1138 3523 qui
1159 3439 1222 3503 fuit
1244 3439 1386 3503 vicarius
1405 3438 1547 3503 ecclesie
1566 3438 1609 3502 de

351 3546 517 3628 Louseby,
545 3554 756 3628 presentatus
784 3565 842 3627 per
870 3544 1102 3627 Preceptorem
1128 3543 1385 3607 elemosinarum
1410 3542 1549 3605 fratrum
1575 3551 1609 3605 et

349 3671 534 3734 pauperum
568 3649 757 3732 Hospitalis
788 3647 905 3714 Sancti
938 3648 1055 3711 Lazari
1079 3647 1129 3711 'ad
1164 3648 1338 3711 ecclesiam
1372 3646 1536 3730 prefatam
1566 3645 1608 3709 de

349 3753 517 3835 Louseby,
541 3751 584 3814 ad
611 3751 753 3815 eandem
780 3751 954 3815 ecclesiam
983 3762 1034 3815 est
1061 3750 1236 3827 admissus,
1262 3760 1296 3814 et
1314 3750 1354 3813 ‘in
1383 3770 1423 3814 ea
1448 3750 1607 3813 canonice

348 3877 490 3943 persona
508 3856 686 3918 institutus.
734 3855 779 3917 Et
796 3854 983 3935 injunctum
1004 3865 1056 3918 est
1077 3854 1241 3937 Magistro
1262 3852 1311 3929 R„
1328 3852 1472 3918 officiali
1484 3852 1607 3916 'Arelli-

348 3962 480 4027 diaconi
499 3960 703 4035 Leircestrie,
720 3958 876 4041 presenti,
895 3968 933 4021 ut
952 3958 1062 4040 ipsum
1083 3958 1116 4019 in
1137 3955 1343 4040 corporalem
1364 3956 1452 4019 illius
1470 3956 1607 4021 ecclesie

348 4065 593 4149 possessionem
610 4062 754 4127 inducat.

354 4326 461 4395 [Roget
480 4322 514 4375 de
533 4318 723 4389 Scamesorde.
741 4319 819 4381 clarit,
837 4319 986 4386 presentat
1003 4318 1036 4387 by
1055 4318 1101 4371 the
1119 4317 1206 4371 Pn'or
1223 4317 1284 4371 and
1304 4318 1430 4385 Convenit
1446 4317 1482 4385 of
1495 4316 1604 4385 Kirkby.

419 4401 588 4460 Watwicks..
599 4403 625 4454 is
635 4399 783 4454 instituted
790 4405 817 4453 to
829 4399 874 4452 tlte
885 4400 986 4454 churctt
1002 4400 1040 4468 of
1046 4398 1213 4467 stamford
1251 4398 1308 4452 The
1319 4401 1431 4452 ancient
1440 4402 1560 4467 penst'on
1575 4400 1609 4470 os

414 4485 536 4553 marks
548 4483 708 4537 isreservcd
716 4489 743 4536 to
753 4483 799 4537 tlte
813 4482 957 4552 Convent]
1220 4500 1225 4508 ·
1343 4500 1346 4505 ·
1556 4548 1562 4557 ⁸

437 4602 927 4686 SCARNEFORDE.-R0gerus
943 4601 985 4665 de
999 4600 1228 4674 Scameforde,
1240 4600 1386 4676 clericus,
1400 4612 1605 4684 presentatus

349 4716 409 4795 per'
433 4710 579 4773 Priorem
606 4716 869 4770 et'conventum
893 4706 936 4769 de
961 4704 1113 4786 Kirkeby
1139 4704 1181 4767 ad
1205 4704 1379 4767 ecclesiam
1403 4703 1446 4767 de
1470 4704 1605 4771 Scame-

348 4813 451 4890 lorde,
466 4812 555 4875 lacta
571 4812 662 4893 prius
678 4812 893 4893 inquisitione
906 4818 964 4893 per
978 4810 1027 4887 R.,
1041 4807 1327 4871 Archidiaconum
1342 4807 1606 4891 Huntin'gdonie,

349 4916 537 4982 Officialem
561 4914 688 4977 domini
714 4913 884 4996 Episcopi,
908 4912 1075 4976 admissus
1098 4921 1206 4974 estet
1230 4912 1262 4973 in
1286 4908 1405 4973 eadem
1427 4910 1605 4985 institutus,

347 5042 423 5085 cum
440 5039 541 5083 onere
555 5018 665 5081 eidem
689 5016 909 5101 personaliter
923 5014 1141 5105 deserviendi,
1160 5025 1194 5078 et
1215 5013 1258 5077 ad
1280 5013 1454 5097 proximos
1475 5014 1606 5078 ordines
