3609 5642
624 573 802 672 Episcopi
827 571 1108 649 Lincolnienses.
1445 593 1465 646 2
1470 590 1491 668 3

232 817 383 901 Virginis
409 818 633 900 proveniente,
660 838 725 900 que
748 817 932 882 Abbatissa
960 828 995 881 et
1025 817 1186 880 moniales
1215 815 1258 880 de
1289 815 1490 881 Godestowe

233 922 361 1004 integre
378 922 582 1005 percipient:
606 921 742 985 habebit
757 923 858 986 etiam
876 942 1029 985 mansum
1046 921 1103 985 ubi
1119 921 1335 1005 cappellanus
1349 920 1488 985 ecclesie

233 1026 362 1110 prefate
386 1025 514 1089 solebat
538 1026 697 1104 habitare,
722 1025 854 1089 solvens
885 1026 963 1089 inde
990 1025 1079 1090 dicte
1108 1013 1247 1089 ecclesie
1273 1025 1305 1089 vi
1334 1024 1489 1088 denarios

233 1130 417 1208 annuatim,
432 1141 466 1194 et
481 1130 587 1195 solvet
603 1130 767 1194 sinodalia
783 1140 924 1195 tantum.

233 1327 347 1396 [noum
360 1326 394 1380 ee
409 1325 590 1395 sparsam
601 1326 738 1394 caeptam,
745 1325 893 1394 presented
902 1326 935 1394 ay
946 1326 991 1379 tae
1007 1325 1163 1380 enam
1173 1325 1300 1379 conum
1313 1325 1350 1394 os
1360 1324 1488 1390 arasse,

293 1410 324 1466 is
339 1407 484 1462 instituted
487 1409 637 1476 meua!
644 1410 724 1462 vicar
738 1409 774 1477 os
779 1407 919 1477 Bicester]

323 1519 837 1586 BERENCESTRIA.—Robertus
862 1519 905 1584 de
932 1518 1146 1603 Sparkesord,
1169 1518 1394 1603 cappellanus,
1417 1538 1489 1601 pre-

233 1634 384 1689 sentatus
400 1645 459 1708 per
475 1625 622 1688 Priorem
638 1634 673 1687 et
687 1635 890 1687 conventum
908 1623 951 1686 de
976 1623 1203 1686 Berencestria
1226 1622 1268 1686 ad
1293 1633 1489 1705 perpetuam

231 1729 389 1793 vicariam
419 1727 557 1792 ecclesie
586 1727 629 1792 de
661 1728 897 1804 Berencestria,
929 1747 987 1809 per
1024 1747 1086 1790 nos
1120 1727 1318 1791 auctoritate
1349 1726 1488 1791 Concilii

233 1831 432 1909 ordinatam,
447 1833 489 1897 ad
506 1833 648 1896 eandem
672 1833 838 1896 admissus
861 1843 913 1896 est
935 1833 1028 1895 etin
1051 1853 1092 1896 ea
1114 1852 1191 1895 cum
1215 1851 1315 1895 onere
1342 1842 1376 1896 et
1403 1851 1490 1915 pena

234 1934 440 2014 vicariorum,
449 1947 510 2001 etc.
549 1937 711 2001 Consistit
721 1946 832 2000 autem
844 1935 966 1999 vicaria
983 1935 1055 2018 ipsa
1066 1947 1104 2000 ut
1119 1937 1152 1999 in
1165 1935 1274 2000 rotulo
1284 1936 1488 1999 vinariarum.

327 2109 396 2194 [On
412 2110 465 2174 the
478 2111 571 2174 dorse
584 2110 653 2195 .·—-]

232 2241 344 2312 [Hugle
357 2242 447 2306 monle,
454 2242 604 2312 presented
618 2243 651 2312 by
661 2243 708 2297 the
718 2243 808 2297 Absor
821 2243 882 2297 and
894 2243 1020 2298 Convent
1028 2243 1064 2312 of
1069 2243 1198 2311 Fecamp,
1210 2242 1237 2297 is
1252 2242 1398 2296 instrtuted
1406 2242 1494 2297 Prior
1574 2277 1580 2288 ·

300 2326 335 2394 os
344 2325 457 2395 Coggr]

323 2437 427 2520 Hugo
454 2438 637 2501 monachus
661 2446 872 2521 presentatus
896 2457 956 2519 per
972 2436 1142 2500 Abbatem
1165 2446 1199 2500 et
1222 2445 1424 2500 conventum
1448 2434 1491 2499 de

235 2540 407 2605 Fiskanno
436 2541 479 2606 ad
511 2543 694 2625 prioratum
726 2541 768 2605 de
799 2542 909 2624 Coges
937 2551 1110 2606 vacantem
1143 2561 1202 2623 per
1231 2541 1489 2624 resignationem

234 2645 358 2728 Rogeri
376 2645 590 2709 monachide
607 2646 787 2722 Fiskann0,
799 2645 841 2709 ad
855 2645 999 2709 eundem
1016 2644 1190 2721 admissus,
1206 2655 1240 2709 et
1257 2642 1380 2708 ibidem
1399 2644 1492 2707 Prior

233 2749 412 2812 institutus.
461 2749 507 2812 Et
522 2748 709 2830 injunctum
726 2757 777 2812 est
788 2748 947 2824 Waltem,
958 2747 1101 2813 Officiali
1116 2746 1351 2811 Archidiaconi
1369 2747 1491 2825 Oxon',

233 2861 281 2929 ut,
296 2861 359 2916 etc.

321 3025 389 3110 [On
405 3026 458 3090 the
473 3024 564 3091 dorse
578 3026 648 3110 .·—]

232 3160 348 3230 [Robert
367 3160 457 3224 monle,
472 3160 620 3230 presented
632 3161 665 3229 by
685 3160 730 3213 tlte
749 3160 839 3214 Arbor
850 3161 912 3214 and
923 3161 1049 3214 Convent
1063 3161 1099 3229 of
1110 3161 1186 3229 Im,
1205 3160 1393 3215 trimme
1406 3160 1493 3214 Pn‘or

298 3244 333 3312 os
348 3243 472 3295 Miruter
485 3241 604 3310 Lovelt]

323 3352 499 3430 Robertus,
516 3339 708 3430 monachus,
724 3362 934 3437 presentatus
958 3374 1017 3436 per
1035 3352 1206 3416 Abbatem
1230 3363 1264 3417 et
1287 3363 1489 3418 conventum

231 3456 275 3521 de
293 3455 402 3520 lbreio
419 3455 461 3519 ad
479 3456 659 3538 prioratum
676 3456 719 3520 de
737 3456 889 3520 Ministre
905 3466 1091 3532 vacantem,
1103 3455 1145 3520 ad
1161 3456 1306 3520 eundem
1323 3457 1490 3521 admissus

231 3570 293 3636 est,
316 3568 350 3622 et
380 3559 503 3623 ibidem
536 3560 629 3622 Prior
659 3560 851 3624 institutus:
886 3569 920 3623 et
951 3559 1139 3642 injunctum
1166 3570 1217 3624 est
1243 3560 1491 3626 Archidiacono

233 3663 357 3740 Oxon',
373 3672 419 3741 ut,
434 3673 495 3727 etc.

715 3774 855 3840 Annus
879 3774 1015 3839 XVIII.

232 3908 396 3979 [avone
411 3881 578 3976 vegim.
591 3907 727 3975 ceaputn,
737 3907 985 3977 praenudatae
995 3907 1491 3981 AbbotandconvenrosOseney,is

299 3989 444 4044 instituted
458 3995 485 4042 lo
497 3989 542 4042 the
552 3989 683 4058 vicarage
694 3990 730 4059 os
740 3990 921 4059 Watlr'ngton,
934 3990 1003 4043 vorti
1014 3991 1048 4058 by
1058 3990 1103 4043 tlee
1114 3990 1291 4058 mnemon
1301 3994 1337 4062 of
1343 3995 1490 4063 Androm]

321 4101 896 4166 WATHLINGETONE.—Gilbertus
919 4101 962 4165 de
978 4101 1183 4185 Wigintone,
1198 4103 1399 4185 capellanus
1416 4126 1487 4188 pre·

233 4215 387 4271 sentatus
425 4224 484 4288 per
515 4203 685 4268 Abbatem
717 4215 751 4269 et
788 4214 990 4269 conventum
1021 4204 1064 4268 de
1102 4205 1228 4270 Osneia
1259 4206 1301 4270 ad
1331 4208 1488 4272 vicariam

232 4309 372 4375 ecclesie
409 4307 452 4372 de
487 4307 772 4390 Wathlingetune,
802 4329 903 4392 quam
939 4308 1103 4386 Andreas,
1133 4308 1334 4390 capellanus,
1364 4310 1488 4377 ibidem

232 4412 388 4496 optinuit,
424 4421 598 4475 vacantem
636 4433 677 4474 eo
714 4411 804 4494 quod
843 4412 932 4476 idem
966 4412 1007 4475 A.
1040 4422 1176 4494 propter
1213 4413 1488 4478 incontinentiam

233 4533 329 4578 suam
356 4514 475 4579 eadem
500 4515 622 4578 vicaria
648 4516 889 4580 sententialiter
920 4517 1067 4598 privatus
1093 4525 1154 4591 est,
1178 4535 1253 4578 cum
1285 4514 1328 4579 de
1357 4516 1489 4581 ordina-

233 4621 326 4683 tione
351 4618 533 4702 presentati
565 4638 623 4700 per
653 4619 779 4682 litteras
809 4618 937 4682 domini
966 4619 1187 4682 Eboracensis
1210 4618 1382 4682 evidenter
1411 4640 1489 4683 con-

233 4732 346 4800 staret,
362 4722 403 4786 ad
427 4721 569 4786 eandem
585 4732 637 4786 est
660 4722 834 4800 admissus,
854 4735 888 4788 et
911 4744 986 4787 cum
1009 4743 1109 4786 onere
1129 4732 1164 4785 et
1182 4742 1268 4805 pena
1292 4723 1487 4788 vicariorum

234 4827 269 4890 in
306 4825 424 4890 eadem
455 4827 595 4889 vicarius
632 4827 810 4891 institutus.
871 4826 1038 4893 Ordinata
1073 4836 1125 4890 est
1155 4827 1285 4902 vicaria,
1314 4836 1351 4890 ut
1388 4847 1488 4911 supra

233 4951 324 4995 anno
348 4931 405 4994 xvi
419 4951 426 5007 ;
441 4940 475 4995 et
500 4929 696 4994 mandatum
718 4942 769 4995 est
786 4930 1034 4996 Archidiacono
1057 4930 1171 4996 Oxon'
1187 4940 1224 4993 ut
1246 4930 1372 4994 dictum
1398 4931 1436 4996 G.
1454 4932 1487 4995 in

234 5033 440 5117 corporalem
457 5033 560 5116 ipsius
576 5034 696 5098 vicarie
714 5036 956 5117 possessionem
974 5035 1118 5098 inducat
