3609 5642
587 557 763 655 Episcopi
778 555 1062 633 Lincolnienszs.
1408 582 1454 653 79

194 797 237 860 de
268 796 443 880 Garinges,
466 795 617 878 ejusdem
648 797 788 861 ecclesie
818 807 1045 879 patronarum,
1074 799 1274 863 auctoritate
1304 798 1454 876 Concilii‚

194 900 346 976 contulit,
362 902 395 964 in
419 901 561 964 eandem
586 901 758 965 institutus
781 911 841 978 est,
864 923 941 965 cum
957 923 1058 966 onere
1080 913 1114 966 et
1138 923 1226 986 pena
1248 903 1454 967 vicariorum.

195 1004 241 1067 Et
265 1004 463 1067 mandatum
495 1014 546 1067 est
578 1005 633 1082 M,
668 1004 916 1068 Archidiacono
949 1005 1276 1089 Buckinghamiensi,
1307 1017 1353 1083 ut,
1382 1017 1454 1085 etc,

192 1107 286 1170 salvo
311 1107 410 1171 dictis
434 1107 634 1170 monialibus
656 1107 730 1188 jure
761 1109 975 1190 presentandi
999 1109 1041 1171 ad
1066 1109 1209 1172 eandem
1237 1130 1312 1172 cum
1345 1111 1452 1193 ipsam

192 1210 275 1273 alias
292 1231 410 1273 vacare
434 1210 619 1291 contigerit.
668 1211 792 1274 Actum
815 1211 905 1294 apud
923 1212 1127 1294 Tinghurste
1143 1223 1263 1276 octavo
1280 1212 1454 1276 Kalendas

192 1314 281 1396 Julii.

191 1509 337 1578 [Geoffrey
352 1507 386 1561 de
408 1507 517 1572 Ulecote,
532 1507 700 1573 suddeacon,
707 1508 858 1577 presented
871 1508 905 1577 by
919 1509 1044 1562 Willeizm
1061 1508 1160 1570 Bavel,
1171 1510 1197 1562 is
1207 1509 1352 1563 imtr'tuted
1365 1517 1393 1564 to
1410 1510 1455 1563 tlte

256 1589 360 1644 church
371 1590 407 1658 os
413 1589 553 1643 seauton.
590 1589 715 1659 Geoffrey
726 1591 751 1642 is
762 1595 788 1642 to
797 1589 879 1658 study
889 1589 950 1642 and
957 1589 1054 1642 πέτεταί
1062 1590 1108 1642 the
1115 1590 1239 1660 semels]

279 1709 505 1775 SALDESTON
511 1709 759 1774 E.-—Galfridus
771 1709 814 1773 de
826 1709 978 1786 Ulecote,
988 1709 1223 1787 subdiaconus
1239 1720 1452 1793 presentatus

190 1833 249 1895 per
280 1811 489 1875 Willelmum
522 1811 646 1875 Baivel'
673 1812 716 1875 ad
748 1811 922 1875 ecclesiam
949 1812 992 1875 de
1017 1811 1226 1890 Saldestone,
1251 1813 1339 1876 tacta
1363 1813 1453 1898 prius

191 1916 409 1998 inquisitione
433 1936 492 1999 per
516 1915 716 1998 Magistrum
742 1917 786 1992 Ρ.,
803 1915 991 1980 Officialem
1018 1915 1370 1998 Bukinghamiensem,
1395 1938 1453 2002 per

189 2040 301 2101 quam,
317 2030 388 2096 etc,
403 2019 446 2082 ad
469 2019 612 2082 eandem
636 2019 802 2083 admissus
817 2029 877 2095 est,
900 2029 961 2083 etc.
1009 2019 1055 2082 Et
1079 2019 1266 2100 injunctum
1282 2030 1334 2083 est
1357 2019 1450 2083 dicto

191 2121 337 2187 Officiali
354 2131 399 2199 ut,
415 2133 476 2186 etc.
525 2121 718 2203 lnjunctum
735 2132 787 2186 est
806 2124 909 2186 etiam
932 2123 1024 2186 dicto
1040 2122 1200 2199 Galfrid0,
1216 2123 1345 2201 clerico,
1360 2122 1451 2205 quod

190 2226 298 2290 scolas
316 2226 513 2308 frequentet,
528 2236 562 2290 et
578 2227 738 2290 addiscat.

190 2437 318 2504 [Walter
326 2437 360 2491 de
371 2437 550 2503 Woltesdone,
558 2438 727 2498 neb-deucere,
735 2455 771 2492 on
784 2439 830 2492 the
835 2438 1067 2506 presentamus
1072 2437 1173 2490 Robm
1182 2437 1216 2491 de
1229 2437 1372 2504 Cramer,
1385 2439 1452 2498 lent.

252 2519 423 2573 rsadmitted
432 2525 459 2573 to
470 2520 643 2588 theprebend
651 2521 687 2586 of
697 2520 1024 2588 Waddesdomformeriy
1034 2519 1073 2572 H.
1086 2519 1119 2572 de
1132 2520 1311 2590 curteum]

276 2639 774 2704 WOTTESDONE.-Walterus
797 2640 840 2703 de
863 2639 1095 2716 Wottesdone,
1120 2639 1355 2719 subdiaconus,
1378 2661 1451 2724 pre-

190 2753 342 2806 sentatus
358 2763 417 2826 per
435 2742 622 2806 Robertum
638 2743 681 2806 de
706 2744 886 2824 Curtenay,
903 2743 1052 2819 militem,
1068 2743 1111 2806 ad
1136 2743 1227 2806 illam
1244 2744 1451 2827 prebendam

190 2847 231 2910 de
247 2847 474 2911 Wottesdone
497 2867 562 2928 que
585 2846 647 2910 suit
674 2847 717 2910 H.
739 2847 781 2911 de
805 2847 986 2929 Curtenay,
1009 2846 1098 2911 facta
1124 2848 1215 2929 prius
1238 2848 1453 2930 inquisitione

190 2969 247 3032 per
264 2951 467 3032 Magistrum
485 2951 529 3026 Ρ.,
546 2949 733 3015 Officialem
752 2949 1104 3034 Bukinghamiensem,
1120 2970 1305 3033 perquam,
1320 2962 1392 3029 etc,
1407 2953 1450 3016 ad

190 3055 332 3118 eandem
363 3055 530 3118 admissus
561 3065 631 3132 est;
663 3064 697 3118 et
724 3054 913 3135 injunctum
938 3065 990 3118 est
1020 3053 1112 3117 dicto
1143 3053 1288 3119 Officiali
1319 3066 1365 3133 ut,
1389 3066 1450 3120 etc.

280 3155 339 3241 [ln
356 3157 408 3220 the
425 3157 557 3240 margin
571 3156 641 3240 .·—]
664 3158 694 3221 N
699 3178 742 3220 on
759 3157 922 3221 habemus
939 3156 1066 3221 litteras
1083 3158 1348 3240 presentationis.

191 3358 330 3427 [Richard
338 3359 476 3425 Malclerc‚
489 3359 658 3424 suddeacon,
671 3377 706 3414 on
719 3360 764 3414 the
775 3361 964 3428 presentation
981 3362 1017 3429 os
1029 3360 1126 3413 Simon
1138 3360 1171 3413 de
1182 3359 1300 3425 Borard,
1314 3361 1378 3415 who
1395 3361 1456 3414 had

252 3442 401 3496 recovered
414 3443 460 3495 the
469 3442 620 3495 advowson
630 3443 713 3510 srom
725 3442 811 3501 Aliae.
824 3442 952 3495 Prioress
968 3444 1004 3511 of
1017 3441 1168 3510 stamford,
1181 3443 1206 3494 is
1217 3442 1362 3496 imte'tuted
1369 3449 1397 3496 to
1408 3444 1453 3498 the

253 3523 357 3576 church
368 3524 404 3591 os
413 3523 527 3592 Cliston.
565 3524 622 3575 The
632 3523 735 3592 King’s
746 3525 825 3577 letter
833 3522 919 3575 dated
925 3539 959 3574 20
969 3521 1041 3591 May
1052 3540 1117 3590 1230
1127 3523 1153 3574 is
1163 3523 1283 3590 κακῶ]

276 3641 693 3707 CLIFTONE.-Ricardus
719 3642 884 3718 Malclerc,
908 3641 1143 3718 subdiaconus
1158 3654 1369 3724 presentatus
1392 3665 1452 3727 per

192 3744 365 3810 Simonem
382 3745 425 3809 de
442 3744 577 3823 Borard,
594 3746 744 3822 militem,
760 3746 802 3809 ad
826 3745 1002 3809 ecclesiam
1019 3746 1061 3808 de
1086 3745 1240 3823 Cliltone,
1257 3747 1345 3811 facta
1360 3749 1451 3831 prius

192 3848 406 3931 inquisitione
422 3869 481 3932 per
498 3850 553 3927 M,
570 3849 855 3913 Archidiaconum
871 3849 1243 3933 Buckinghamiensem,
1258 3862 1293 3913 et
1309 3854 1451 3935 receptis

190 3950 308 4016 litteris
324 3952 453 4016 domini
472 3953 575 4036 Regis
592 3954 625 4015 in
642 3953 705 4016 hac
721 3953 847 4015 forma:
873 3952 927 4027 H,
941 3953 1006 4016 Dei
1021 3953 1131 4034 gratia
1147 3953 1224 4016 Rex
1242 3953 1377 4037 Anglie,
1389 3968 1451 4020 etc.

194 4055 364 4140 Episcopo
404 4055 640 4133 Lincolniensi‚
670 4065 731 4120 etc.
793 4056 915 4121 Sciatis
948 4056 1039 4138 quod
1077 4077 1154 4119 cum
1192 4057 1297 4120 assisa
1334 4058 1451 4123 ultime

193 4160 453 4242 presentationis
484 4161 690 4225 summonita
717 4171 805 4224 esset
836 4181 948 4224 coram
980 4160 1177 4242 Justiciariis
1207 4162 1329 4224 nostris
1359 4164 1450 4245 apud

193 4261 531 4327 westmonasterium
570 4265 656 4328 inter
687 4264 861 4328 Simonem
899 4263 943 4326 de
983 4263 1138 4339 Borarde,
1173 4275 1379 4345 querentem,
1416 4275 1451 4329 et

194 4366 346 4444 Aliciam‚
363 4368 557 4431 Priorissam
581 4368 624 4431 de
649 4367 874 4444 Staumforde‚
897 4367 1147 4444 deforciantem,
1162 4367 1205 4431 de
1228 4367 1450 4434 advocatione

192 4471 330 4535 ecclesie
356 4470 399 4535 de
423 4471 578 4548 Cliftone,
594 4471 714 4535 eadem
740 4472 900 4534 Priorissa
923 4472 1063 4535 venitin
1087 4471 1206 4535 eadem
1230 4473 1322 4535 curia
1336 4493 1449 4538 coram

192 4575 316 4639 eisdem
332 4575 538 4658 justiciariis,
554 4587 588 4640 et
604 4577 798 4660 recognovit
821 4575 932 4640 eidem
950 4575 1080 4640 Simoni
1104 4575 1360 4641 advocationem
1377 4598 1450 4661 pre-

192 4677 279 4744 dicte
294 4680 443 4758 ecclesie,
459 4693 493 4744 et
509 4682 636 4744 remisit
652 4691 687 4745 et
698 4682 849 4763 quietum
861 4678 1019 4742 clamavit
1031 4678 1074 4741 de
1086 4699 1122 4740 se
1136 4688 1171 4742 et
1186 4679 1259 4742 aliis
1273 4681 1450 4758 Priorissis‚

193 4801 255 4863 que
271 4784 302 4847 ei
318 4784 509 4861 succedent,
533 4784 684 4867 predicto
708 4785 838 4849 Simoni
862 4793 896 4846 et
920 4781 1098 4844 heredibus
1121 4783 1190 4845 suis
1212 4791 1323 4846 totum
1339 4783 1393 4864 jus
1415 4795 1450 4849 et

194 4884 349 4950 clamium
362 4887 453 4969 quod
470 4888 587 4952 habuit
600 4889 633 4951 in
646 4887 867 4952 advocatione
878 4885 1027 4968 predicte
1040 4885 1178 4949 ecclesie
1194 4886 1449 4970 imperpetuum.

195 4985 239 5052 Et
254 4989 330 5056 ideo
353 4990 448 5059 vobis
464 4991 664 5058 mandamus
680 4989 781 5078 quod,
796 5009 863 5053 non
880 4988 1038 5052 obstante
1049 4988 1286 5053 reclamatione
1302 4989 1450 5072 predicte
