3609 5642
350 551 417 620 188
696 548 832 623 Rotulz'
847 548 1021 647 Hugonz's
1047 550 1091 623 de
1117 549 1248 624 Welles

344 799 378 853 et
408 789 544 854 Olivero
574 790 617 853 de
647 789 831 866 Chednet0‚
860 791 995 855 clericis,
1051 792 1142 855 Data
1169 812 1227 873 per
1263 811 1399 855 manum
1435 793 1524 856 Petri
1557 793 1597 857 de

345 893 520 970 Bathonia,
538 896 688 957 canonici
707 895 959 971 Lincolniensis,
979 895 1068 979 apud
1092 895 1338 973 Bannebiriam,
1354 896 1413 958 xiii
1438 895 1597 960 kalendas

346 999 554 1076 Novembris,
570 998 784 1082 pontificatus
801 999 905 1063 nostri
922 1020 1011 1063 anno
1028 1001 1072 1063 xi.

910 1164 1040 1177 —-—

431 1259 535 1322 Verte
552 1258 667 1321 lolium
684 1280 744 1341 pro
759 1270 851 1323 carta
866 1260 909 1323 de
926 1260 1100 1342 Cloptone.

344 1531 387 1599 [T
383 1531 417 1584 lac
427 1531 586 1583 imarum
597 1532 633 1599 os
644 1530 812 1583 Richarddc
831 1531 952 1598 Cerneya
969 1535 996 1583 to
1007 1530 1053 1582 the
1071 1531 1153 1583 lz'tkes
1170 1530 1205 1598 os
1218 1528 1263 1583 tlu
1280 1530 1407 1583 demesne
1426 1532 1462 1599 os
1468 1531 1547 1597 Joan
1566 1532 1598 1585 de

409 1613 506 1695 Monte
516 1612 605 1665 Anao
615 1612 647 1664 in
658 1611 851 1679 braybrooka
867 1611 931 1664 Dec.
942 1629 965 1675 ε,
979 1616 1063 1676 mu]

362 1713 364 1718 ’
433 1726 585 1789 DECIME
608 1738 658 1786 DE
683 1723 1117 1799 BRAYBROC.-Omnibus‚
1133 1734 1194 1787 etc.
1242 1725 1381 1787 Noverit
1401 1725 1597 1789 universitas

343 1838 452 1893 vestra
475 1849 537 1891 nos
559 1830 757 1892 auctoritate
780 1828 921 1893 Concilii
948 1828 1071 1891 dilecto
1095 1829 1127 1891 in
1149 1829 1282 1893 Christo
1302 1822 1370 1891 filio
1391 1829 1537 1893 Ricardo
1556 1831 1597 1894 de

344 1932 504 2014 Cerneya,
520 1931 648 2008 cleric0‚
664 1932 811 1995 decimas
826 1932 870 1995 de
885 1933 1055 1996 dominico
1070 1933 1224 2015 Johanne
1240 1932 1283 1997 de
1301 1933 1418 1996 Monte
1435 1934 1549 1997 Acuto
1565 1936 1597 1997 in

345 2035 514 2119 Braybroc
530 2037 711 2099 contulisse
731 2038 909 2119 ipsumque
932 2037 965 2099 in
989 2038 1036 2099 eis
1059 2037 1219 2099 canonice
1242 2037 1433 2112 instituisse,
1449 2039 1542 2101 salvo
1565 2041 1596 2102 in

345 2150 512 2221 posterum
528 2139 600 2221 jure
616 2138 877 2221 uniuscujusque
893 2140 948 2221 qui
964 2139 1018 2220 jus
1034 2150 1230 2221 patronatus
1253 2140 1387 2204 evicerit
1411 2142 1444 2203 in
1471 2142 1597 2205 eisdem

343 2254 378 2307 et
404 2244 503 2307 salvis
531 2246 564 2307 in
592 2244 747 2308 omnibus
774 2244 1020 2326 episcopalibus
1047 2244 1352 2321 consuetudinibus,
1379 2254 1440 2308 etc.
1498 2246 1599 2329 Quod

343 2358 381 2410 ut
404 2356 599 2430 perpetuam
627 2348 779 2430 optineat
803 2346 996 2411 firmitatem
1018 2346 1103 2429 [etc.,
1126 2348 1237 2410 clause
1260 2346 1299 2409 of
1320 2348 1470 2431 sealing].
1524 2350 1599 2413 Hiis

343 2449 492 2526 testibus,
543 2449 682 2513 domino
730 2450 898 2531 Joscelino
947 2450 1162 2512 Bathoniensi
1207 2450 1385 2532 Episcopo
1428 2451 1599 2535 Magistris

345 2554 518 2636 Stephano
541 2554 583 2617 de
609 2554 767 2618 Cicestria
793 2565 827 2617 et
851 2554 1022 2617 Willelmo
1049 2554 1091 2618 de
1116 2554 1299 2631 Lincolnia,
1326 2556 1495 2618 canonicis
1522 2558 1599 2620 Liu-

344 2657 577 2734 colniensibuS,
594 2659 728 2740 Rogero
748 2658 931 2741 capellan0,
949 2658 1112 2741 Magistro
1129 2657 1169 2721 A.
1186 2658 1229 2721 de
1246 2657 1435 2735 clenefeld,
1453 2660 1600 2724 Radullo

344 2763 386 2826 de
417 2762 584 2825 Warevill'
616 2772 650 2825 et
689 2761 860 2826 Gileberto
897 2762 940 2825 de
970 2761 1123 2837 Tanton’,
1162 2762 1331 2825 canonicis
1365 2762 1600 2839 Wellensibus,

346 2867 510 2950 Magistro
534 2866 585 2928 W.
602 2866 645 2928 de
661 2865 791 2941 Cantia,
811 2865 982 2928 Willelmo
1004 2864 1047 2928 de
1071 2865 1329 2929 Winchelcumb
1347 2876 1381 2929 et
1402 2865 1540 2930 Olivero
1558 2867 1600 2931 de

344 2970 528 3045 Chedneto‚
566 2970 699 3032 clericis.
763 2970 853 3032 Data
891 2990 950 3050 per
992 2989 1127 3032 manum
1163 2969 1295 3033 Thorne
1332 2971 1374 3034 de
1413 2970 1600 3047 Fislrerton,

344 3075 515 3158 capellani,
553 3076 704 3138 canonici
741 3075 993 3151 Lincolniensis,
1031 3075 1120 3157 apud
1157 3075 1298 3151 Ludam,
1336 3086 1455 3157 quarto
1493 3097 1600 3141 nonas

346 3179 543 3243 Decembris
559 3179 774 3262 pontificatus
791 3181 894 3244 nostri
911 3200 1000 3243 anno
1017 3181 1061 3242 xi.

431 3440 499 3524 [On
515 3440 568 3503 tlte
582 3441 674 3504 dorse
685 3440 755 3524 .·-]

344 3559 384 3624 [Α
402 3558 558 3612 relaxation
573 3559 609 3625 of
620 3573 703 3611 seven
719 3558 789 3626 days
804 3560 840 3627 os
846 3563 972 3626 pcnance
989 3563 1015 3611 lo
1032 3559 1074 3611 all
1088 3558 1235 3611 travellers
1246 3558 1310 3611 wlro
1323 3560 1394 3625 give
1405 3560 1479 3613 nlms
1488 3562 1544 3628 sor
1554 3560 1599 3614 tlte

409 3640 540 3710 building
550 3640 611 3693 and
619 3642 716 3708 repair
724 3642 759 3708 of
766 3640 923 3708 Brampton
935 3640 1051 3709 brvdgu
1062 3640 1125 3693 Dec.
1136 3656 1177 3706 27,
1190 3640 1274 3709 mo]

433 3751 716 3814 Nonunurouu.
763 3751 891 3815 Caum
916 3765 1051 3816 PONTIS
1074 3766 1124 3814 ne
1149 3752 1600 3831 Braurona-Omnibus,

344 3865 405 3917 etc.
451 3853 621 3936 Quoniam
642 3855 728 3917 inter
742 3876 844 3937 opera
864 3856 1012 3919 caritatis
1032 3855 1065 3918 id
1087 3853 1183 3918 valde
1204 3856 1408 3920 meritorium
1428 3869 1599 3941 reputatur

345 3957 435 4041 quod
452 3958 495 4021 ad
512 3959 679 4042 publicam
697 3959 865 4023 confertur
884 3959 1074 4037 utilitatem,
1089 3958 1304 4023 devotionem
1319 3970 1463 4025 vestram
1485 3984 1598 4027 mone-

346 4082 420 4125 mus
435 4072 470 4125 et
484 4063 704 4126 exhortamur
719 4064 752 4125 in
771 4062 920 4126 Domino
936 4064 1094 4145 quatinus
1109 4063 1152 4126 ad
1173 4065 1456 4128 constructionem
1472 4076 1507 4129 et
1521 4087 1598 4129 con-

346 4166 567 4229 servationem
588 4168 700 4248 pontis
720 4167 762 4229 de
784 4168 963 4243 Brantone,
982 4188 1058 4230 cum
1078 4188 1138 4229 vos
1158 4165 1235 4229 illuc
1255 4168 1395 4231 transire
1415 4170 1600 4251 contigerit,

345 4270 387 4333 de
412 4270 508 4332 bonis
535 4291 555 4332 a
572 4270 646 4333 Deo
670 4270 765 4333 vobis
791 4272 921 4335 collatis
946 4272 1071 4353 aliquid
1096 4271 1267 4335 caritative
1292 4271 1477 4335 conseratis.
1530 4274 1600 4337 Nos

345 4385 458 4438 autem
474 4374 517 4437 de
535 4375 598 4437 Dei
621 4375 845 4440 misericordia
864 4376 981 4441 confisi
997 4376 1153 4439 omnibus
1169 4386 1281 4440 nostre
1301 4376 1443 4441 diocesis
1459 4398 1518 4460 per
1533 4378 1600 4441 dic-

345 4489 417 4541 tum
438 4489 576 4561 pontem
596 4481 846 4544 transeuntibus
865 4492 900 4546 et
920 4481 1044 4545 ibidem
1065 4479 1190 4563 aliquid
1210 4481 1383 4545 caritative
1403 4481 1600 4547 conserenti-

346 4581 408 4644 bus
432 4581 475 4645 de
505 4581 655 4664 injuncta
684 4582 747 4646 sibi
777 4586 963 4668 penitentia
994 4594 1122 4667 septem
1150 4584 1223 4647 dies
1248 4584 1448 4649 relaxamus
1502 4586 1601 4650 Hanc

346 4697 458 4750 autem
485 4686 701 4751 relaxationis
726 4699 839 4754 nostre
862 4691 1004 4771 gratiam
1029 4689 1245 4753 concedimus
1272 4710 1331 4773 per
1355 4710 1481 4753 annum
1505 4691 1602 4754 dura-

345 4801 463 4854 turam.
512 4790 602 4853 Data
618 4812 676 4873 per
696 4812 833 4856 manum
851 4794 983 4856 Thome
1001 4792 1044 4855 de
1061 4793 1247 4857 Fiskerton’
1263 4794 1437 4875 capellani,
1449 4795 1601 4858 canonici

348 4894 599 4970 Lincolniensis
623 4896 713 4977 apud
741 4896 953 4979 Buggedene‚
978 4906 1077 4960 sexto
1104 4897 1264 4961 kalendas
1291 4898 1440 4981 Januarii
1469 4898 1602 4980 pontifi-

345 5007 440 5061 catus
453 4999 555 5061 nostri
572 5017 661 5061 anno
678 5001 722 5062 xi.
