3609 5642
308 570 353 636 26
650 564 786 638 Rotule'
809 563 986 660 Hugenzlr
1011 563 1055 636 de
1081 562 1213 637 Welles

307 717 429 724 —...—

302 805 519 888 personaliter
549 806 583 870 in
613 805 704 870 dicta
733 805 881 883 ecclesia,
911 816 946 870 ct
976 805 1122 869 inveniet
1148 804 1303 868 clericum
1331 804 1489 870 idoneum
1514 805 1557 869 ad

303 909 559 974 ministrandum
596 911 630 974 in
660 910 808 986 ecclesia,
838 920 872 974 et
902 911 1078 973 luminaria
1108 910 1365 991 compententia,
1396 911 1557 975 solvendo

301 1013 465 1077 sinodalia
478 1024 618 1078 tantum.
664 1013 824 1078 Canonici
835 1034 914 1077 vero
930 1014 1044 1077 omnia
1058 1013 1124 1076 alia
1135 1033 1238 1076 onera
1253 1013 1405 1094 ejusdem
1417 1015 1557 1078 ecclesie

301 1117 521 1194 sustinebunt,
548 1128 582 1181 et
612 1117 701 1182 valet
730 1117 821 1182 dicta
854 1118 977 1181 vicaria
1007 1139 1027 1180 v
1057 1136 1195 1194 marcas,
1224 1125 1259 1181 et
1289 1116 1476 1198 injunctum
1507 1129 1558 1183 est

302 1219 551 1285 Archidiacono
567 1223 711 1304 presenti
728 1230 774 1298 ut,
789 1230 850 1285 etc.

301 1428 392 1498 [John
409 1429 443 1484 de
463 1430 559 1494 Liuns,
579 1430 747 1493 meacm.
761 1430 911 1499 presented
925 1430 958 1499 by
975 1433 1021 1483 the
1039 1430 1128 1485 Abbot
1140 1428 1202 1481 and
1213 1429 1339 1482 Conveni
1352 1431 1388 1499 os
1403 1430 1557 1500 Eynsleaen,

365 1513 390 1564 is
400 1512 657 1580 immutedparson
668 1514 704 1581 of
709 1513 794 1566 Briae
804 1513 933 1581 Nartem]

340 1730 342 1734 .
388 1640 799 1723 NORTHON.—Magister
822 1640 993 1723 Johannes
1017 1639 1060 1703 de
1088 1639 1202 1714 Liuns,
1226 1639 1459 1719 subdiaconus,
1485 1661 1556 1724 pre·

299 1753 450 1808 sentatus
465 1765 524 1827 per
541 1743 711 1808 Abbatem
734 1753 769 1807 et
791 1755 992 1808 conventum
1017 1741 1059 1807 de
1083 1743 1299 1826 Eignesham’
1315 1742 1358 1806 ad
1381 1744 1556 1807 ecclesiam

299 1846 341 1911 de
359 1847 507 1925 Norton’,
524 1847 612 1912 facta
635 1849 725 1930 prius
748 1848 961 1930 inquisitione
985 1867 1043 1929 per
1065 1846 1116 1922 A„
1132 1844 1417 1911 Archidiaconum
1435 1848 1558 1925 Oxon’,

299 1970 358 2032 per
376 1971 487 2033 quarn,
507 1961 578 2028 etc.,
594 1951 637 2016 ad
657 1950 800 2016 eandem
820 1950 986 2014 admissus
1001 1961 1061 2027 est,
1077 1949 1139 2013 sub
1162 1970 1249 2033 pena
1271 1950 1420 2028 Concilii‚
1436 1962 1507 2029 etc.,
1522 1962 1557 2016 et

299 2054 495 2119 mandatum
512 2064 563 2119 est
578 2055 669 2120 dicto
685 2054 934 2119 Archidiacono
950 2064 996 2130 ut,
1011 2065 1072 2117 etc.

299 2262 444 2332 [Mcholas
459 2263 494 2318 de
509 2263 634 2328 Hanreei
651 2263 819 2328 subeleacon,
832 2263 980 2333 presented
994 2263 1028 2331 by
1038 2263 1085 2316 the
1095 2263 1184 2316 Abho!
1198 2262 1259 2314 and
1270 2262 1397 2316 Conveni
1406 2264 1442 2331 of
1448 2263 1556 2334 Aling-

363 2345 425 2410 don,
443 2347 468 2399 is
485 2346 630 2400 insaluted
637 2349 745 2414 parson
763 2347 799 2412 os
810 2344 1149 2413 Numnam-emnem]

386 2481 813 2546 NEWHAM'.-Nicholaus
835 2482 878 2546 de
904 2480 1052 2559 Hanred,
1079 2479 1312 2556 subdiaconus,
1343 2494 1555 2564 presentatus

298 2606 357 2669 per
380 2584 549 2649 Abbatem
569 2596 604 2649 ct
623 2597 825 2650 conventum
846 2586 888 2649 de
909 2585 1121 2650 Abbendone
1137 2585 1179 2649 ad
1200 2584 1375 2649 ecclesiam
1399 2586 1442 2650 de
1460 2588 1557 2651 New-

298 2689 395 2765 ham’,
411 2688 498 2752 sacta
526 2688 616 2771 prius
643 2689 856 2771 inquisitione
886 2710 945 2771 per
969 2689 1020 2766 A„
1048 2688 1332 2752 Archidiaconum
1361 2690 1483 2768 Oxon',
1499 2713 1558 2774 per

298 2813 408 2876 quarn,
431 2803 501 2868 etc.,
525 2792 567 2856 ad
592 2792 732 2856 candem
757 2792 923 2855 admissus
945 2802 1006 2869 est,
1028 2803 1098 2870 etc.,
1121 2803 1155 2856 et
1178 2791 1366 2875 injunctum
1390 2805 1442 2858 est
1464 2793 1556 2858 dicto

299 2897 547 2962 Archidiacono
562 2896 652 2980 apud
670 2896 851 2961 Bramton'²
869 2907 916 2974 ut,
931 2907 992 2960 etc.

297 3107 421 3177 [Walter
435 3108 469 3162 de
485 3106 571 3171 Hida,
589 3106 728 3175 chaplae'n.
738 3107 888 3174 presented
902 3106 936 3176 by
947 3107 992 3161 the
1002 3107 1091 3160 Abbot
1103 3105 1165 3159 and
1181 3105 1309 3162 Conveni
1322 3107 1519 3176 onyncleam,
1532 3110 1557 3160 is

363 3189 510 3244 eiutiteeted
518 3191 599 3243 vr'ear
608 3191 644 3258 os
650 3189 737 3244 Soura
750 3189 838 3244 Sloke.
851 3189 882 3241 in
892 3191 1042 3243 neceesse'en
1053 3194 1081 3241 to
1093 3189 1207 3258 Osbert]

386 3301 737 3368 smus-walterus
775 3301 817 3365 de
865 3301 965 3378 Hida,
1003 3301 1204 3384 capellanus,
1241 3314 1452 3386 presentatus
1497 3325 1556 3386 per

300 3405 470 3471 Abbatem
501 3418 535 3472 et
565 3416 767 3471 conventum
798 3403 841 3468 de
869 3404 1071 3487 Egnesham’
1098 3405 1140 3468 ad
1167 3406 1322 3469 vicariam
1348 3407 1487 3470 ecclesie
1514 3406 1557 3470 de

299 3509 413 3586 Stoke,
434 3531 535 3592 quam
560 3511 721 3594 Magister
745 3507 909 3574 Osbertus
933 3509 1050 3571 ultimo
1072 3509 1189 3587 tenuit,
1205 3510 1292 3574 sacta
1311 3511 1402 3593 prius
1421 3510 1557 3592 inquisi-

298 3612 388 3676 tione
416 3633 474 3696 per
500 3613 551 3690 A„
579 3611 862 3676 Archidiaconum
891 3612 1014 3689 Oxon’,
1040 3634 1098 3695 per
1123 3632 1235 3696 quam,
1252 3624 1324 3690 etc.,
1339 3613 1382 3676 ad
1410 3614 1553 3678 eandem

298 3714 464 3779 admissus
479 3726 530 3780 est
546 3736 620 3779 cum
638 3736 736 3780 onere
751 3725 786 3779 et
808 3736 893 3798 pena
918 3716 1124 3793 vicariorum,
1139 3727 1211 3794 etc.,
1226 3728 1260 3781 et
1282 3717 1479 3781 mandatum
1503 3726 1554 3780 est

299 3818 390 3884 dicto
406 3819 654 3884 Archidiacono
670 3829 715 3897 ut,
730 3828 792 3883 etc.

299 4027 419 4096 [Walter
433 4027 582 4110 dalenvelt
595 4027 734 4095 chapleim
742 4027 892 4095 presented
905 4027 938 4094 by
949 4028 995 4081 the
1005 4027 1094 4080 Abbot
1103 4028 1165 4081 and
1176 4028 1303 4081 Convent
1317 4029 1353 4097 of
1367 4029 1520 4096 Eynsleam,
1532 4031 1558 4083 is

363 4109 621 4177 emnmndparson
631 4111 668 4178 of
672 4109 714 4163 St.
726 4109 826 4174 Ebbes,
843 4108 972 4178 Oeford]

387 4228 540 4295 SANCTE
566 4229 677 4306 EBBE,
694 4227 1041 4294 OXON'.-Walterus
1065 4228 1108 4292 de
1133 4227 1249 4305 Cnoll'‚
1265 4228 1466 4312 capellanus
1482 4252 1556 4314 pre-

299 4341 449 4397 sentatus
472 4353 531 4416 per
555 4333 725 4398 Abbatern
748 4344 782 4398 et
805 4343 1007 4397 conventum
1029 4333 1072 4398 de
1096 4333 1299 4417 Egnesham’
1315 4333 1357 4396 ad
1380 4335 1554 4398 ecclesiam

300 4437 424 4504 Sancte
440 4437 546 4515 Ebbe,
559 4436 681 4515 Oxon’,
694 4437 782 4502 facta
798 4439 887 4521 prius
904 4438 1118 4520 inquisitione
1135 4458 1193 4520 per
1210 4436 1261 4513 A„
1272 4437 1555 4502 Archidiaconum

301 4541 422 4617 Oxon’,
442 4561 629 4624 perquam,
649 4551 720 4618 etc.,
741 4541 783 4605 ad
803 4542 945 4614 eandem
966 4541 1132 4605 admissus
1155 4552 1205 4604 est
1225 4561 1301 4604 cum
1323 4560 1424 4604 onere
1445 4543 1557 4605 minis-

300 4644 409 4709 trandi
447 4645 664 4728 personaliter
702 4645 735 4708 in
772 4645 900 4721 eadem,
931 4654 965 4708 et
1003 4645 1199 4708 mandatum
1233 4653 1284 4707 est
1314 4642 1405 4707 dicto
1437 4644 1556 4710 Archi·
1601 4644 1606 4652 ⁴

300 4748 442 4813 diacono
459 4759 504 4825 ut,
520 4759 580 4812 etc.

301 4925 389 4932 —a—
1289 4921 1482 4930 ——-—.—-
1497 4927 1552 4932 ...-

541 5034 548 5062 ¹
562 5033 601 5084 Or
612 5031 768 5095 “Bamton'',
781 5031 828 5084 the
839 5049 858 5085 a
866 5033 951 5099 being
963 5033 1073 5083 written
1085 5033 1174 5084 above
1187 5031 1234 5082 the
1246 5031 1311 5082 line.
