3609 5642
310 583 332 651 6
653 579 789 652 Rotule'
812 579 990 675 Hugonis
1015 578 1059 653 de
1085 579 1228 652 Welles.

309 815 418 950 [Roggn
426 814 568 965 zaptani,
575 815 725 882 presented
732 813 765 883 by
776 814 821 867 tlte
831 814 922 868 Abbot
930 816 965 884 os
973 815 1082 883 Oseaey,
1094 815 1119 868 is
1131 814 1277 868 instituted
1285 814 1365 867 vicar
1373 815 1409 882 ιγ’
1419 813 1569 882 Sandford

397 901 415 948 t.
461 898 545 948 artin.

398 999 820 1082 SANFORDE.-Rogerus,
845 1001 1069 1083 cappellanus,
1096 1010 1307 1083 presentatus
1338 1021 1397 1082 per
1426 998 1563 1062 eosdem

310 1104 352 1168 ad
377 1113 571 1187 perpetuam
592 1087 749 1167 vicariam
772 1104 924 1187 cappelle
946 1104 989 1168 de
1013 1103 1186 1180 Saniorde‚
1202 1104 1390 1167 ordinatam
1415 1103 1565 1186 predicto

310 1228 399 1271 anno
423 1219 460 1270 ut
485 1208 518 1271 in
542 1207 671 1290 prefato
696 1207 851 1291 regestr0¹
878 1209 1030 1271 similiter
1052 1209 1251 1285 continetur,
1266 1207 1432 1271 admissus
1454 1217 1506 1271 est
1530 1218 1565 1270 et

310 1312 488 1375 institutus.
536 1312 581 1375 Et
597 1310 783 1392 injunctum
799 1323 850 1376 est
865 1311 957 1375 dicto
973 1311 1126 1389 Officiali,
1141 1322 1202 1376 etc.

310 1498 420 1568 [Henry
437 1499 471 1552 de
493 1498 622 1562 Glarton',
641 1499 719 1562 clerk,
734 1499 884 1567 presented
898 1498 931 1567 by
950 1499 996 1552 tire
1012 1499 1152 1568 Abatos
1167 1499 1361 1561 Westminster,
1380 1499 1406 1551 is
1422 1498 1567 1551 instituted

376 1585 480 1649 parson
491 1583 527 1651 os
532 1580 611 1649 lstrp.
650 1580 776 1632 Willram
787 1581 820 1634 de
831 1580 1033 1650 Faucunberge
1043 1597 1191 1635 renounces
1202 1582 1248 1635 teis
1259 1580 1363 1650 claim]
1377 1571 1381 1582 “

400 1692 858 1758 IGHTuSLEPE.-Henricus
873 1693 916 1756 de
932 1694 1092 1770 Glaston',
1108 1695 1254 1769 clericus,
1270 1702 1482 1776 presentatus
1506 1712 1565 1776 per

315 1795 481 1860 Abbatem
512 1806 546 1860 et
576 1806 777 1860 conventum
816 1797 859 1861 de
889 1796 1191 1861 Westmonasterio
1228 1796 1271 1860 ad
1309 1796 1484 1861 ecclesiam
1522 1795 1566 1860 de

313 1900 510 1984 lghteslepe,
527 1899 615 1964 saeta
637 1901 726 1983 prius
750 1902 973 1983 inquisitione,
989 1922 1048 1984 per
1063 1921 1175 1983 quam,
1190 1913 1262 1978 etc,
1278 1899 1445 1964 admissus
1460 1910 1512 1964 est
1531 1909 1566 1964 et

311 2003 343 2066 in
359 2024 399 2067 ea
414 2004 572 2067 canonice
589 2025 731 2086 persona
747 2005 928 2082 institutus
944 2006 1036 2069 salva
1059 2006 1212 2070 Gilberto
1228 2005 1428 2088 cappellano
1444 2005 1566 2067 vicaria

309 2128 409 2189 quam
427 2107 528 2170 habet
544 2107 576 2170 in
587 2107 715 2184 eadem,
727 2108 887 2188 quamdiu
901 2108 1040 2186 honeste
1052 2129 1088 2171 se
1100 2109 1260 2172 habuerit.
1308 2109 1354 2170 Et
1367 2107 1563 2171 mandatum

309 2221 360 2274 est
388 2211 436 2286 R,
464 2210 607 2275 Officiali
636 2211 872 2275 Archidiaconi
902 2212 1016 2276 Oxon'
1039 2212 1129 2296 [sic].'
1166 2213 1356 2276 Willelmus
1383 2221 1496 2276 autem
1522 2211 1566 2274 de

311 2314 558 2398 Faucunberge,
580 2315 727 2392 clericus,
749 2317 806 2397 qui
835 2317 925 2397 prius
947 2316 990 2378 ad
1021 2336 1096 2378 eam
1121 2316 1228 2380 fuerat
1259 2325 1478 2399 presentatus,
1500 2314 1564 2396 juri

308 2418 398 2500 quod
411 2419 528 2483 habuit
537 2441 581 2482 ex
594 2419 712 2482 eadem
727 2421 973 2502 presentatione
985 2431 1064 2483 ante
1076 2421 1319 2485 institutionem
1333 2421 1414 2484 dicti
1427 2420 1565 2483 Henrici

309 2524 521 2587 renunciavit.

310 2711 422 2779 [Roger.
436 2710 573 2779 chaplain,
583 2712 731 2778 presented
745 2711 778 2778 by
793 2711 893 2779 Philip
911 2711 945 2764 de
965 2711 1128 2780 Hastinges,
1146 2713 1172 2763 is
1187 2711 1335 2764 instituted
1346 2715 1453 2779 parson
1470 2713 1506 2780 of
1521 2712 1565 2764 ttse

373 2793 471 2861 chapel
480 2794 516 2862 os
527 2792 645 2860 l'elfont,
658 2808 694 2845 oa
706 2792 751 2846 the
761 2793 936 2862 resignation
947 2793 983 2860 os
993 2793 1114 2846 Thomas
1124 2793 1158 2846 de
1170 2792 1320 2861 Muttone.]

397 2912 818 2994 Erasmus-Rogems,
827 2913 1053 2995 cappellanus,
1070 2923 1279 2995 presentatus
1295 2933 1354 2994 per
1370 2912 1562 2995 Philippum

308 3018 350 3081 de
369 3016 581 3099 Hasting[es]
605 3016 647 3079 ad
671 3018 857 3099 cappellam
875 3018 918 3081 de
943 3016 1108 3092 Elesorde,
1125 3016 1213 3081 sacta
1236 3018 1326 3099 prius
1350 3017 1564 3098 inquisitione

309 3143 367 3204 per
398 3122 447 3198 R.,
474 3118 660 3184 Officialem
690 3120 927 3183 Archidiaconi
957 3121 1079 3196 Oxon’,
1106 3131 1140 3183 et
1171 3120 1332 3202 magistro
1358 3119 1492 3183 Thoma
1522 3119 1565 3182 de

311 3225 475 3300 Muttone,
505 3224 561 3305 qui
598 3224 687 3305 prius
717 3245 791 3287 eam
825 3225 982 3306 possedit,
1013 3225 1120 3306 ipsam
1152 3223 1339 3306 cappellam
1378 3223 1411 3284 in
1444 3243 1564 3286 manus

307 3327 434 3390 domini
453 3327 611 3410 Episcopi
636 3327 724 3410 apud
751 3327 977 3412 Eigneshame
1002 3328 1199 3407 resignante,
1214 3325 1381 3388 admissus
1403 3335 1464 3402 est,
1479 3337 1514 3390 et
1529 3327 1563 3388 in

306 3451 347 3493 ea
362 3431 521 3494 canonice
536 3451 677 3513 persona
691 3431 861 3493 institutus
873 3451 950 3493 cum
962 3451 1061 3494 onere
1074 3430 1264 3494 residencie.
1313 3430 1358 3492 Et
1374 3429 1561 3510 injunctum

308 3542 360 3596 est
374 3533 465 3596 dicto
482 3534 531 3609 R,
548 3533 702 3609 Officiali,
717 3545 778 3597 etc.

308 3721 428 3790 [Wan'ra
449 3720 587 3788 chaplain,
606 3721 755 3788 presented
774 3721 869 3789 hythe
887 3721 976 3773 Abbot
994 3721 1029 3789 os
1045 3721 1214 3780 Dorehestm
1232 3723 1256 3774 is
1273 3721 1420 3774 instituted
1439 3722 1519 3774 vicar
1534 3723 1570 3790 os

373 3803 519 3856 Sta'rbnrn.
558 3803 613 3855 The
624 3803 756 3870 vicarage
766 3804 791 3854 is
801 3802 959 3872 described]

396 3921 837 3998 S1REBURNE.-Warinus,
853 3924 1079 4006 cappellanus
1092 3932 1303 4006 presentatus
1320 3942 1379 4005 per
1390 3920 1561 3984 Abbatem

308 4035 342 4090 et
369 4035 570 4088 conventum
607 4023 840 4089 Dorkecestrie
867 4025 910 4088 ad
941 4027 1098 4089 vicariam
1129 4027 1268 4090 ecclesie
1298 4025 1341 4089 de
1373 4024 1562 4100 Sirebume,

309 4129 496 4192 ordinatam
528 4129 725 4191 auctoritate
756 4128 905 4204 Concilii,
941 4128 1030 4192 sacta
1060 4131 1149 4212 prius
1180 4129 1394 4212 inquisitione
1425 4148 1484 4209 per
1515 4127 1564 4203 R,

310 4232 496 4298 Officialem
519 4232 754 4295 Archidiaconi
780 4232 901 4308 Oxon',
917 4244 988 4308 etc,
1011 4233 1177 4296 admissus
1196 4242 1248 4295 est
1269 4243 1306 4296 et
1327 4233 1467 4294 vicarius
1491 4253 1563 4314 per-

310 4347 430 4420 petuus
447 4335 624 4399 institutus¹
672 4335 832 4399 Consistit
849 4349 961 4400 autem
978 4336 1069 4400 dicta
1081 4338 1204 4400 vicaria
1220 4338 1253 4398 in
1269 4336 1426 4398 omnibus
1439 4334 1563 4397 obven-

310 4438 455 4503 tionibus
486 4439 598 4501 altaris
628 4438 777 4519 ejusdem
817 4441 954 4504 ecclesie
992 4461 1067 4503 cum
1108 4441 1244 4504 minutis
1282 4440 1421 4503 decimis
1459 4439 1562 4502 totius

311 4543 473 4626 parochie.
521 4543 565 4604 Et
581 4542 717 4605 habebit
733 4545 873 4606 vicarius
896 4544 982 4607 duos
1001 4544 1126 4607 solidos
1149 4564 1279 4606 annuos
1303 4564 1363 4626 pro
1386 4563 1504 4606 manso
1520 4542 1564 4604 ab

190 4701 194 4718 ,
312 4645 455 4721 Abbate,
482 4645 589 4708 donec
615 4645 732 4708 Abbas
755 4647 816 4728 ipsi
837 4648 959 4709 vicario
983 4668 1136 4710 mansum
1158 4657 1353 4729 competens
1375 4644 1563 4728 providerit.

314 4749 357 4811 Et
384 4749 489 4811 solvet
519 4749 659 4811 vicarius
690 4749 860 4824 sinodalia,
886 4761 921 4813 et
952 4750 1069 4812 Abbas
1100 4761 1134 4812 et
1164 4762 1348 4812 conventus
1379 4748 1562 4830 hospitium

312 4852 548 4916 Archidiaconi
566 4852 796 4935 procurabunt.
845 4853 889 4915 Et
907 4853 1103 4917 mandatum
1119 4864 1171 4916 est
1186 4853 1276 4916 dicto
1294 4852 1447 4928 officiali,
1458 4863 1519 4915 etc.

796 5043 801 5070 ¹
818 5041 974 5108 ‘'Regem''
987 5042 1013 5092 in
1029 5041 1089 5093 MS.
