3609 5642
335 574 405 658 246
686 566 821 639 Rutuli
836 566 1015 664 Hugonz's
1031 564 1074 638 de
1101 564 1233 638 Welles

336 806 554 889 personaliter
569 806 601 869 in
618 807 745 870 eadem.
792 806 859 890 Qui
870 805 1007 887 quidem
1019 814 1126 870 totam
1143 806 1251 888 ipsam
1262 804 1437 869 ecclesiam
1454 804 1591 879 tenebit,

335 910 494 993 quamdiu
518 910 649 986 vixerit,
664 908 837 973 reddendo
861 910 939 973 inde
956 908 1106 991 predicto
1130 908 1280 973 Waltero
1295 919 1330 974 et
1346 911 1592 975 successoribus

335 1015 403 1077 suis
432 1014 583 1095 ejusdem
613 1012 753 1077 ecclesie
782 1014 933 1095 personis
964 1023 1107 1095 quatuor
1136 1032 1264 1076 marcas
1295 1034 1424 1078 annuas
1456 1014 1591 1078 nomine

337 1118 514 1200 pensionis,
529 1117 684 1181 videlicet
699 1118 721 1180 ii
738 1137 866 1180 marcas
882 1117 925 1180 ad
937 1117 1066 1181 Pascha
1075 1126 1109 1181 et
1125 1118 1146 1180 ii
1158 1137 1286 1181 marcas
1296 1117 1339 1181 ad
1350 1118 1472 1183 festum
1485 1120 1590 1182 sancti

339 1220 521 1285 Michaelis.
574 1221 668 1285 Idem
696 1232 808 1285 autem
837 1222 979 1285 vicarius
1006 1220 1183 1285 sustinebit
1210 1222 1323 1285 omnia
1354 1242 1457 1286 onera
1487 1223 1590 1306 ipsius

335 1324 474 1389 ecclesie
504 1324 680 1401 ordinaria,
702 1324 818 1388 debita
839 1335 874 1389 et
896 1334 1078 1402 consueta;
1101 1325 1201 1389 salvis
1224 1334 1285 1389 etc.
1332 1326 1434 1409 Quod
1460 1337 1497 1391 ut
1522 1336 1592 1401 etc,

336 1429 398 1493 hiis
422 1429 573 1506 testibus,
600 1428 749 1492 Roberto
772 1429 816 1493 de
841 1429 1043 1506 Bollesoure,
1068 1430 1252 1513 capellano,
1279 1430 1451 1514 Magistris
1483 1432 1522 1495 Κ
1549 1430 1591 1494 de

335 1534 527 1598 Wendoure
556 1546 591 1598 et
621 1535 672 1598 W.
704 1534 746 1598 de
776 1534 1017 1612 Werministre,
1048 1536 1099 1599 W.
1123 1534 1166 1599 de
1192 1534 1463 1612 Winchecumbe,
1486 1536 1526 1599 Κ
1549 1535 1591 1599 de

336 1639 473 1703 Oxonia
502 1650 536 1703 et
567 1639 699 1702 Thoma
729 1638 772 1702 de
803 1638 953 1722 Aslreby,
986 1640 1149 1723 Magistro
1182 1638 1221 1702 A.
1252 1639 1296 1703 de
1328 1638 1521 1716 Arundelle,
1553 1640 1591 1702 R.

336 1745 503 1807 Mauclerc
532 1754 567 1807 et
592 1744 625 1809 S.
655 1743 698 1807 de
728 1743 883 1822 Castello,
914 1744 1047 1809 clericis.
1095 1744 1185 1808 Data
1215 1742 1306 1827 apud
1336 1745 1503 1808 Broctone
1535 1764 1592 1828 per

335 1868 470 1912 manum
501 1849 538 1912 R.
564 1849 607 1913 de
634 1847 838 1924 Warraville,
853 1850 1004 1912 canonici
1030 1848 1281 1924 Lincolniensis,
1305 1848 1414 1923 idibus
1443 1848 1590 1930 Januarii

336 1951 547 2034 pontificatus
563 1953 667 2016 nostri
684 1971 773 2015 anno
790 1954 884 2016 xxiii.
924 1966 929 1975 ·

333 2210 407 2276 [Tire
423 2211 579 2263 imtr'tution
592 2210 627 2278 os
639 2210 765 2263 Richard
775 2209 809 2264 de
821 2209 902 2263 Cani
913 2217 941 2264 to
956 2210 1003 2263 tire
1017 2210 1117 2264 church
1132 2212 1169 2279 os
1178 2210 1264 2264 Great
1277 2208 1476 2272 Harrowden,·
1492 2210 1556 2264 Feb.
1567 2213 1590 2272 ό.

401 2310 465 2357 1²3²
471 2308 486 2354 ,·
500 2295 580 2359 seep.
595 2292 663 2360 rja]

424 2403 925 2469 HAREWEDONE.—Omnibus
940 2415 1001 2468 etc.
1049 2404 1188 2468 Noverit
1199 2404 1398 2468 universitas
1408 2412 1521 2468 vestra
1532 2424 1591 2467 nos

334 2509 376 2572 ad
401 2508 683 2590 presentationem
706 2506 903 2571 dilectorum
928 2507 1081 2584 filiorum,
1110 2506 1254 2571 Abbatis
1281 2518 1315 2571 et
1341 2516 1527 2571 conventus
1550 2505 1593 2570 de

335 2611 471 2694 Suleby,
489 2620 702 2692 patronorum
726 2611 864 2675 ecclesie
886 2610 930 2675 de
955 2610 1195 2687 Harewedone,
1218 2611 1378 2675 dilectum
1403 2611 1436 2673 in
1460 2610 1593 2675 Christo

336 2716 441 2779 filium
475 2714 673 2797 Magistrum
706 2715 888 2779 Ricardum
920 2715 963 2779 de
994 2715 1099 2791 Cani,
1123 2714 1344 2797 capellanum,
1373 2714 1417 2777 ad
1449 2713 1591 2779 eandem

334 2819 509 2882 ecclesiam
525 2837 600 2880 curn
617 2818 773 2881 omnibus
794 2818 837 2881 ad
860 2839 935 2881 eam
961 2818 1202 2901 pertinentibus
1225 2818 1401 2882 admisisse
1417 2818 1594 2900 ipsumque

336 2922 369 2984 in
384 2942 425 2985 ea
440 2922 600 2984 canonice
617 2942 792 3003 personam
817 2922 1009 2999 instituisse,
1025 2922 1117 2985 salva
1141 2922 1298 3005 predictis
1322 2920 1449 2986 Abbati
1466 2931 1501 2985 et
1516 2942 1593 2985 con-

335 3026 448 3088 ventui
467 3045 532 3086 una
548 3044 660 3087 marca
675 3045 786 3088 annua
803 3046 862 3108 per
878 3045 1014 3089 manum
1038 3025 1190 3107 ejusdem
1216 3025 1369 3107 Magistri
1395 3023 1529 3087 Ricardi
1552 3024 1594 3087 de

334 3127 453 3191 eadem
478 3125 619 3189 ecclesia
643 3128 779 3191 nomine
795 3129 947 3211 perpetui
972 3128 1124 3192 beneficii
1149 3127 1383 3212 percipienda;
1405 3127 1507 3191 salvis
1532 3138 1593 3191 etc.

336 3230 438 3313 Quod
463 3241 500 3294 ut
525 3241 596 3305 etc,
619 3230 683 3292 hiis
709 3230 860 3308 testibus,
885 3231 1024 3296 Warino
1051 3233 1094 3297 de
1118 3232 1305 3296 Kirketone
1322 3241 1357 3295 et
1380 3230 1532 3295 Roberto
1553 3230 1594 3294 de

337 3334 538 3409 Bollesoure,
553 3332 743 3416 capellanis,
762 3334 925 3417 Magistro
943 3336 981 3399 R.
998 3337 1042 3400 de
1057 3337 1250 3401 Wendoure
1264 3346 1299 3399 et
1312 3336 1363 3399 W.
1380 3335 1424 3400 de
1439 3334 1594 3400 Winche-

337 3436 466 3513 cumbe,
481 3437 650 3499 canonicis
667 3437 967 3515 Lincolniensibus,
985 3438 1150 3522 Magistro
1166 3438 1296 3517 Alardp
1308 3438 1351 3503 de
1369 3437 1543 3515 Arundell,
1556 3438 1593 3503 G.

336 3541 378 3604 de
411 3540 515 3603 Moris
544 3549 579 3602 et
610 3540 642 3603 S.
673 3539 716 3603 de
747 3538 903 3617 Caste110,
934 3542 1068 3605 clericis.
1116 3542 1207 3606 Data
1230 3564 1290 3626 per
1320 3562 1459 3608 manum
1488 3542 1527 3605 Κ
1552 3540 1594 3605 de

338 3642 541 3718 Warraville‚
565 3642 716 3706 canonici
747 3642 998 3721 Lincolniensis,
1030 3645 1119 3728 apud
1148 3644 1344 3728 Spaldewic,
1371 3656 1491 3709 octavo
1523 3644 1596 3709 idus

339 3747 508 3811 Februarii
525 3766 615 3809 anno
631 3746 846 3829 pontificatus
862 3749 1077 3821 nostrixxiii.

340 4091 383 4158 [T
379 4090 414 4143 ke
430 4091 587 4143 institution
606 4092 642 4158 of
653 4090 752 4159 Philip
770 4091 804 4144 (ie
823 4092 923 4144 Sancto
943 4092 1043 4145 David
1059 4097 1087 4144 to
1106 4092 1152 4145 tire
1171 4092 1273 4146 cirurclr
1291 4093 1328 4161 os
1342 4092 1452 4147 Grren's
1472 4093 1599 4155 noun,-

406 4172 470 4225 Dec.
482 4187 521 4237 η,
535 4189 619 4236 r251,·
634 4188 678 4225 see
683 4177 714 4240 p.
728 4176 796 4238 162]

428 4291 842 4358 NORTONE.-—Omnibus
857 4305 918 4358 etc.
965 4293 1106 4357 Noverit
1126 4294 1323 4357 universitas
1344 4302 1453 4357 vestra
1473 4314 1534 4355 nos
1555 4292 1596 4356 ad

343 4396 626 4479 presentationem
657 4396 820 4478 Johannis
860 4396 989 4475 Marsc',
1020 4398 1152 4480 patroni
1190 4396 1329 4461 ecclesie
1358 4396 1401 4461 de
1440 4395 1600 4475 Nortone,

341 4499 501 4562 dilectum
520 4499 552 4560 in
570 4498 704 4563 Christo
720 4499 824 4563 lilium
843 4500 1043 4583 Magistrum
1066 4501 1256 4584 Philippum
1273 4500 1316 4564 de
1332 4501 1458 4567 Sancto
1479 4500 1600 4577 David,

341 4602 506 4680 clericum,
529 4602 572 4665 ad
602 4603 744 4667 eandem
775 4605 950 4668 ecclesiam
982 4625 1057 4668 cum
1090 4606 1297 4687 pertinentiis
1328 4606 1395 4667 suis
1425 4604 1601 4667 admisisse

341 4706 518 4789 ipsumque
537 4707 570 4769 in
593 4728 633 4770 ea
656 4708 814 4772 canonice
839 4729 1015 4790 personam
1040 4710 1243 4785 instituisse;
1266 4708 1367 4771 salvis
1389 4718 1450 4771 etc.
1498 4706 1600 4791 Quod

341 4820 378 4873 ut
397 4821 467 4886 etc,
486 4811 549 4873 hiis
574 4810 723 4887 testibus
742 4812 897 4893 Johanne
922 4810 1198 4895 Norhamptbnie,
1219 4812 1257 4877 G.
1280 4810 1548 4894 Huntingdonie,
1567 4822 1602 4875 et

342 4913 525 4977 Amaurico
550 4914 756 4990 Bedesordie,
780 4915 1030 4992 archidiaconis,
1055 4915 1233 4991 Willelm0‚
1264 4915 1465 4991 subdecan0,
1494 4914 1532 4977 Κ
1558 4912 1601 4977 dc

343 5016 531 5093 Bolesoure,
562 5018 744 5101 capellano,
776 5018 946 5103 Magistris
983 5019 1033 5082 W.
1065 5020 1108 5083 de
1139 5020 1377 5083 Wermenistre
1407 5029 1440 5083 et
1481 5018 1520 5081 Κ
1558 5018 1601 5081 dc
