3609 5642
358 636 429 705 230
709 611 844 685 Rotnlz'
858 612 1036 708 Hugonis
1062 612 1105 683 de
1132 612 1264 685 Welles

357 852 400 916 de
432 852 543 935 Burgo
581 853 670 915 beati
710 853 808 929 Petri,
846 862 1063 937 patronorum
1101 852 1240 915 ecclesie
1277 851 1320 915 de
1352 851 1616 935 Wermingtone,

358 956 517 1020 dilectum
535 957 568 1019 in
580 958 713 1021 Christo
729 956 832 1020 filium
844 955 1032 1022 Galsridum
1049 956 1091 1019 de
1104 957 1217 1031 Moris,
1232 955 1398 1031 clericum,
1413 956 1456 1019 ad
1473 957 1615 1021 eandem

359 1060 533 1124 ecclesiam
565 1082 641 1123 cum
673 1062 882 1144 pertinentiis
909 1061 1084 1125 admisisse
1115 1062 1291 1143 ipsumque
1323 1061 1355 1123 in
1386 1081 1428 1123 ea
1457 1062 1617 1125 canonice

361 1184 536 1245 personam
558 1165 762 1242 instituisse;
785 1165 885 1228 salvis
905 1176 966 1227 etc.
1013 1164 1114 1247 Quod
1135 1173 1172 1226 ut
1191 1174 1262 1240 etc,
1277 1164 1428 1241 testibus
1446 1164 1617 1247 Magistris

361 1268 413 1330 W.
429 1268 473 1331 de
489 1268 754 1351 Beningworthe‚
770 1268 954 1351 capellano,
970 1268 1011 1331 A.
1029 1268 1071 1332 de
1089 1268 1302 1351 Buggedene,
1319 1267 1370 1330 W.
1394 1267 1437 1330 de
1460 1268 1616 1331 Winche·

361 1372 481 1435 combe
510 1382 544 1435 et
576 1372 614 1435 R.
646 1373 689 1435 de
719 1362 865 1448 Omnia,
899 1372 1069 1435 canonicis
1107 1371 1405 1448 Lincolniensibus,
1442 1372 1617 1454 War[ino],

361 1474 544 1557 capellan0,
576 1474 747 1557 Magistris
778 1476 817 1538 R.
851 1474 988 1552 Devon’,
1019 1476 1054 1540 C.
1088 1475 1258 1557 Pighyon’,
1287 1474 1327 1538 A.
1352 1474 1395 1538 de
1424 1475 1617 1548 Arundelle,

362 1577 495 1641 Thoma
505 1578 549 1641 de
565 1577 725 1655 Gedden',
742 1580 780 1641 R.
799 1580 985 1655 Mauclerc',
997 1588 1031 1642 et
1047 1578 1109 1642 Th.
1125 1578 1168 1642 de
1183 1578 1331 1661 Askeby‚
1347 1578 1481 1642 clericis.
1530 1578 1618 1641 Data

362 1702 421 1763 per
438 1684 576 1744 ‘manum
595 1682 633 1745 R.
654 1682 697 1745 de
718 1682 909 1759 Waraville‚
928 1683 1080 1746 canonici
1099 1681 1352 1756 Lincolniensis,
1368 1680 1459 1764 apud
1477 1682 1617 1766 Spalde-

362 1786 430 1861 wic,
447 1787 545 1849 tertio
560 1785 721 1850 kalendas
736 1786 884 1868 Januarii
901 1806 991 1849 anno
1007 1784 1222 1869 pontificatus
1238 1788 1342 1849 nostri
1359 1786 1529 1849 vicesimo,

359 2146 402 2210 [Τ
398 2146 432 2199 lie
448 2146 605 2199 institution
622 2146 657 2213 os
664 2146 763 2201 Simon
774 2146 809 2199 a'e
820 2146 1030 2214 Norhornptonc
1046 2152 1073 2200 to
1088 2146 1242 2215 theodopol
1255 2146 1487 2215 osPlumptone,·
1502 2146 1568 2199 Dec.
1577 2164 1617 2212 3⁰·

429 2234 512 2291 122&
528 2245 571 2281 see
576 2232 608 2296 p.
622 2233 689 2294 143]

451 2340 1095 2406 Pnunvronscuracii-Omnibus
1126 2350 1186 2403 etc.
1250 2340 1389 2403 Noverit
1421 2340 1618 2403 universitas

363 2454 488 2506 vestras
504 2464 564 2506 nos
581 2444 623 2506 ad
640 2444 923 2525 presentationem
941 2443 1139 2507 dilectorum
1156 2442 1253 2506 nobis
1269 2443 1301 2505 in
1320 2442 1462 2519 Christo,
1475 2442 1619 2505 Abbatis

361 2559 395 2611 et
419 2560 603 2611 conventus
626 2548 731 2611 sancti
757 2548 896 2610 Luciani
920 2546 1169 2629 Belvacens[is],
1190 2558 1405 2629 patronorum
1429 2547 1559 2630 capelle
1577 2547 1619 2610 de

364 2652 573 2733 Plumptone,
604 2652 726 2714 factam
762 2671 821 2733 per
856 2650 1057 2714 Nicholaum
1096 2651 1242 2714 Priorem
1278 2651 1321 2715 de
1352 2650 1516 2726 Wedone,
1548 2672 1620 2732 pre·

361 2755 525 2818 dictorum
554 2755 697 2818 Abbatis
721 2764 755 2818 et
780 2765 965 2818 conventus
991 2765 1238 2837 procuratorem
1263 2755 1306 2818 ad
1333 2754 1365 2817 id
1389 2756 1620 2829 constitutum,

360 2858 519 2922 dilectum
538 2861 570 2922 in
587 2859 720 2923 Christo
737 2858 841 2922 silium
859 2860 1033 2923 Simonem
1050 2860 1092 2923 de
1110 2858 1141 2921 N
1144 2858 1375 2941 orhamptone,
1391 2860 1562 2935 clericum,
1577 2860 1618 2922 ad

359 2961 501 3026 eandem
527 2963 689 3046 capellam
715 2962 890 3027 admisisse
922 2966 1099 3047 ipsumque
1127 2965 1159 3025 in
1187 2986 1227 3027 ea
1254 2964 1413 3027 canonice
1441 2983 1617 3046 personam

361 3065 551 3143 instituisse,
568 3066 667 3128 salvis
683 3077 753 3141 etc,
769 3066 911 3129 testibus
927 3076 960 3130 et
976 3066 1056 3131 data
1072 3076 1108 3129 ut
1124 3086 1224 3148 supra
1241 3066 1274 3129 in
1291 3066 1483 3151 proxim[a].

359 3412 431 3480 [Tne
442 3412 599 3463 institution
610 3413 646 3479 os
657 3410 781 3464 Wllintn
792 3409 826 3463 de
842 3410 974 3479 Watsord
983 3415 1010 3463 to
1029 3411 1223 3493 thenvi'cornge
1235 3412 1270 3479 os
1286 3410 1326 3463 St.
1340 3409 1420 3475 John
1432 3410 1478 3461 tlte
1498 3410 1617 3479 Rapuit.

424 3492 648 3560 Peterboronglr‚·
664 3508 707 3544 see
717 3492 772 3545 vol.
784 3492 800 3555 i,
813 3496 882 3558 πᾳ]

446 3612 609 3675 Vinium
627 3624 804 3675 recissis
823 3625 958 3675 sineri
979 3612 1175 3693 Jonnrvrus
1196 3610 1380 3673 Birrisru
1403 3624 1453 3672 un
1475 3610 1616 3679 Bunoo

359 3714 571 3779 —Omnibus
586 3724 647 3777 etc.
694 3714 834 3777 Noverit
850 3716 1047 3777 universitas
1063 3724 1172 3777 vestra
1193 3733 1254 3776 nos
1270 3712 1312 3775 ad
1330 3714 1612 3794 presentationem

238 3848 244 3859 ·
359 3820 556 3883 dilectorum
580 3816 732 3893 filiorum,
763 3818 909 3881 Abbatis
933 3829 966 3882 et
990 3827 1174 3881 conventus
1197 3816 1240 3881 de
1264 3817 1377 3899 Burgo
1399 3816 1488 3880 beati
1518 3818 1615 3894 Petri,

359 3921 518 3985 dilectum
536 3922 569 3984 in
587 3921 720 3985 Christo
740 3920 843 3985 filium
861 3922 1068 3986 Willelmum
1092 3921 1134 3985 de
1152 3920 1318 3997 Watlord,
1333 3920 1555 4003 capellanum,
1571 3921 1613 3983 ad

360 4035 555 4109 perpetuam
585 4027 742 4089 vicariam
773 4027 912 4089 ecclesie
931 4026 1036 4089 sancti
1063 4025 1225 4107 johannis
1253 4024 1405 4107 Baptiste
1432 4023 1475 4087 de
1504 4025 1616 4107 Burgo

360 4129 535 4193 admisisse
552 4130 728 4211 ipsumque
746 4131 778 4192 in
794 4151 834 4194 ea
854 4131 1014 4193 canonice
1035 4131 1192 4193 vicariurn
1213 4139 1412 4211 perpetuum
1434 4128 1617 4193 instituisse

360 4254 436 4297 cum
463 4253 563 4296 onere
588 4232 798 4296 ministrandi
830 4234 1047 4316 personaliter
1078 4235 1111 4296 in
1136 4232 1263 4297 eadem.
1314 4231 1476 4296 Consistit
1502 4242 1614 4295 autem

361 4339 433 4419 ipsa
448 4336 570 4399 vicaria
587 4337 619 4397 in
644 4338 742 4399 tertia
766 4348 860 4420 parte
882 4337 1087 4401 decImarum
1112 4338 1187 4401 lane
1210 4346 1243 4399 et
1268 4336 1335 4408 lini,
1350 4355 1523 4418 agnorum,
1540 4356 1616 4418 pur-

360 4439 528 4514 cellorum,
545 4439 720 4521 pullorum,
735 4441 925 4517 vitulorum,
940 4461 1107 4517 aucarum,
1123 4452 1156 4504 et
1177 4441 1275 4503 tertia
1290 4448 1385 4521 parte
1409 4439 1614 4503 decimarum

362 4553 582 4605 mercatorum
602 4554 636 4606 et
656 4546 754 4607 tertia
773 4556 868 4627 parte
891 4546 1042 4609 omnium
1069 4544 1283 4607 candelarum
1309 4542 1497 4606 oblatarum
1523 4554 1557 4607 et
1582 4544 1614 4606 in

362 4646 541 4711 medietate
563 4648 713 4710 omnium
738 4648 948 4711 denariorum
975 4649 1157 4712 missalium
1182 4657 1392 4730 preterquam
1417 4646 1460 4709 ad
1484 4647 1615 4731 ·Thorp,

359 4750 416 4813 ubi
439 4750 579 4813 vicarius
602 4752 742 4832 percipit
767 4773 885 4816 omnes
910 4752 1064 4817 denarios
1090 4752 1248 4826 missales,
1275 4761 1309 4814 et
1337 4751 1369 4813 in
1396 4750 1494 4813 tertia
1521 4762 1615 4834 parte

360 4854 511 4916 omnium
542 4854 681 4916 aliarum
713 4855 920 4919 oblationum
947 4868 1091 4938 excepto
1117 4876 1204 4938 pane
1228 4875 1304 4918 cum
1332 4856 1557 4937 companagio
1581 4866 1614 4919 et

360 4957 490 5019 decima
515 4956 610 5020 lactis
634 4968 667 5020 et
687 4968 846 5035 ortorum,
865 4982 931 5042 que
957 4961 1098 5023 vicarius
1120 4960 1267 5023 totaliter
1293 4958 1443 5041 percipit,
1466 4968 1614 5041 excepto

358 5060 460 5121 etiam
487 5070 559 5123 toto
578 5061 703 5144 ciragio
726 5073 760 5125 et
783 5064 940 5126 omnibus
963 5064 1189 5127 oblationibus
1212 5084 1288 5126 cum
1309 5082 1447 5145 corpore
1467 5063 1613 5143 presenti
