<?xml version="1.0" encoding="UTF-8"?>
<!DOCTYPE html PUBLIC "-//W3C//DTD XHTML 1.0 Transitional//EN"
    "http://www.w3.org/TR/xhtml1/DTD/xhtml1-transitional.dtd">
<html xmlns="http://www.w3.org/1999/xhtml" xml:lang="en" lang="en">
 <head>
  <title>
</title>
<meta http-equiv="Content-Type" content="text/html;charset=utf-8" />
  <meta name='ocr-system' content='tesseract 3.04.00' />
  <meta name='ocr-capabilities' content='ocr_page ocr_carea ocr_par ocr_line ocrx_word'/>
</head>
<body>
  <div class='ocr_page' id='page_1' title='image "./rotulihugonisde00davigoog_0040.png"; bbox 0 0 3609 5642; ppageno 0'>
   <div class='ocr_carea' id='block_1_1' title="bbox 627 563 1507 662">
    <p class='ocr_par' dir='ltr' id='par_1_1' title="bbox 627 563 1507 662">
     <span class='ocr_line' id='line_1_1' title="bbox 627 563 1507 662; baseline 0.003 -26"><span class='ocrx_word' id='word_1_1' title='bbox 627 564 804 662; x_wconf 77' lang='lat' dir='ltr'><em>Episcopi</em></span> <span class='ocrx_word' id='word_1_2' title='bbox 838 563 1123 639; x_wconf 80' lang='lat' dir='ltr'><strong>Lincolm&#39;ense&#39;s.</strong></span> <span class='ocrx_word' id='word_1_3' title='bbox 1459 591 1507 659; x_wconf 90' lang='lat'><strong>29</strong></span> 
     </span>
    </p>
   </div>
   <div class='ocr_carea' id='block_1_2' title="bbox 250 802 1508 1202">
    <p class='ocr_par' dir='ltr' id='par_1_2' title="bbox 250 802 1508 1202">
     <span class='ocr_line' id='line_1_2' title="bbox 251 802 1507 888; baseline 0.006 -22"><span class='ocrx_word' id='word_1_4' title='bbox 251 802 328 867; x_wconf 92' lang='lat' dir='ltr'><strong>inde</strong></span> <span class='ocrx_word' id='word_1_5' title='bbox 358 804 531 868; x_wconf 88' lang='lat' dir='ltr'>annuatim</span> <span class='ocrx_word' id='word_1_6' title='bbox 562 803 653 868; x_wconf 92' lang='lat' dir='ltr'><strong>dicto</strong></span> <span class='ocrx_word' id='word_1_7' title='bbox 684 805 736 868; x_wconf 89' lang='lat' dir='ltr'><strong>W.</strong></span> <span class='ocrx_word' id='word_1_8' title='bbox 766 815 801 868; x_wconf 91' lang='lat' dir='ltr'><strong>et</strong></span> <span class='ocrx_word' id='word_1_9' title='bbox 830 807 1075 869; x_wconf 91' lang='lat' dir='ltr'><strong>successoribus</strong></span> <span class='ocrx_word' id='word_1_10' title='bbox 1105 807 1173 870; x_wconf 92' lang='lat' dir='ltr'><strong>suis</strong></span> <span class='ocrx_word' id='word_1_11' title='bbox 1195 805 1345 888; x_wconf 89' lang='lat' dir='ltr'><strong>ejusdem</strong></span> <span class='ocrx_word' id='word_1_12' title='bbox 1368 808 1507 873; x_wconf 88' lang='lat' dir='ltr'><strong>ecclesie</strong></span> 
     </span>
     <span class='ocr_line' id='line_1_3' title="bbox 250 909 1508 993; baseline 0.005 -22"><span class='ocrx_word' id='word_1_13' title='bbox 250 909 401 991; x_wconf 91' lang='lat' dir='ltr'><strong>personis</strong></span> <span class='ocrx_word' id='word_1_14' title='bbox 421 909 540 992; x_wconf 85' lang='lat' dir='ltr'><strong>viginti</strong></span> <span class='ocrx_word' id='word_1_15' title='bbox 563 909 688 972; x_wconf 90' lang='lat' dir='ltr'><strong>solidos</strong></span> <span class='ocrx_word' id='word_1_16' title='bbox 709 910 856 972; x_wconf 77' lang='lat' dir='ltr'><strong>nomine·</strong></span> <span class='ocrx_word' id='word_1_17' title='bbox 868 911 1060 993; x_wconf 89' lang='lat' dir='ltr'><strong>pensionis;</strong></span> <span class='ocrx_word' id='word_1_18' title='bbox 1084 911 1176 974; x_wconf 88' lang='lat' dir='ltr'><strong>salva</strong></span> <span class='ocrx_word' id='word_1_19' title='bbox 1198 912 1299 975; x_wconf 91' lang='lat' dir='ltr'><strong>etiam</strong></span> <span class='ocrx_word' id='word_1_20' title='bbox 1325 912 1452 976; x_wconf 87' lang='lat' dir='ltr'>Abbati</span> <span class='ocrx_word' id='word_1_21' title='bbox 1472 923 1508 977; x_wconf 92' lang='lat' dir='ltr'><strong>et</strong></span> 
     </span>
     <span class='ocr_line' id='line_1_4' title="bbox 250 1012 1508 1098; baseline 0.006 -26"><span class='ocrx_word' id='word_1_22' title='bbox 250 1012 428 1075; x_wconf 87' lang='lat' dir='ltr'><strong>conventui</strong></span> <span class='ocrx_word' id='word_1_23' title='bbox 451 1013 644 1076; x_wconf 89' lang='lat' dir='ltr'><strong>memoratis</strong></span> <span class='ocrx_word' id='word_1_24' title='bbox 668 1013 836 1095; x_wconf 83' lang='lat' dir='ltr'><strong>pensione,</strong></span> <span class='ocrx_word' id='word_1_25' title='bbox 856 1014 1000 1095; x_wconf 87' lang='lat' dir='ltr'><strong>siquam</strong></span> <span class='ocrx_word' id='word_1_26' title='bbox 1024 1014 1085 1077; x_wconf 85' lang='lat' dir='ltr'>sibi</span> <span class='ocrx_word' id='word_1_27' title='bbox 1102 1015 1215 1079; x_wconf 89' lang='lat' dir='ltr'><strong>deberi</strong></span> <span class='ocrx_word' id='word_1_28' title='bbox 1237 1015 1449 1098; x_wconf 81' lang='lat' dir='ltr'><strong>probaverint</strong></span> <span class='ocrx_word' id='word_1_29' title='bbox 1464 1017 1508 1080; x_wconf 91' lang='lat' dir='ltr'><strong>de</strong></span> 
     </span>
     <span class='ocr_line' id='line_1_5' title="bbox 251 1115 1377 1202; baseline 0.005 -24"><span class='ocrx_word' id='word_1_30' title='bbox 251 1115 369 1179; x_wconf 92' lang='lat' dir='ltr'><strong>eadem</strong></span> <span class='ocrx_word' id='word_1_31' title='bbox 378 1137 386 1193; x_wconf 89' lang='lat'>;</span> <span class='ocrx_word' id='word_1_32' title='bbox 402 1126 435 1180; x_wconf 93' lang='lat' dir='ltr'><strong>et</strong></span> <span class='ocrx_word' id='word_1_33' title='bbox 451 1115 637 1197; x_wconf 89' lang='lat' dir='ltr'><strong>injunctum</strong></span> <span class='ocrx_word' id='word_1_34' title='bbox 654 1127 706 1180; x_wconf 91' lang='lat' dir='ltr'><strong>est</strong></span> <span class='ocrx_word' id='word_1_35' title='bbox 720 1116 811 1180; x_wconf 94' lang='lat' dir='ltr'><strong>dicto</strong></span> <span class='ocrx_word' id='word_1_36' title='bbox 829 1117 1077 1182; x_wconf 89' lang='lat' dir='ltr'><strong>Archidiacono</strong></span> <span class='ocrx_word' id='word_1_37' title='bbox 1093 1121 1238 1202; x_wconf 89' lang='lat' dir='ltr'><strong>presenti</strong></span> <span class='ocrx_word' id='word_1_38' title='bbox 1255 1130 1300 1197; x_wconf 88' lang='lat' dir='ltr'><strong>ut,</strong></span> <span class='ocrx_word' id='word_1_39' title='bbox 1315 1129 1377 1184; x_wconf 91' lang='lat' dir='ltr'><strong>etc.</strong></span> 
     </span>
    </p>
   </div>
   <div class='ocr_carea' id='block_1_3' title="bbox 255 1353 1508 1510">
    <p class='ocr_par' dir='ltr' id='par_1_3' title="bbox 255 1353 1508 1510">
     <span class='ocr_line' id='line_1_6' title="bbox 255 1353 1508 1425; baseline 0.004 -19"><span class='ocrx_word' id='word_1_40' title='bbox 255 1353 382 1407; x_wconf 84' lang='lat' dir='ltr'><strong>William</strong></span> <span class='ocrx_word' id='word_1_41' title='bbox 392 1368 443 1406; x_wconf 88' lang='lat' dir='ltr'><strong>son</strong></span> <span class='ocrx_word' id='word_1_42' title='bbox 454 1353 490 1422; x_wconf 88' lang='lat' dir='ltr'><strong>os</strong></span> <span class='ocrx_word' id='word_1_43' title='bbox 502 1353 587 1415; x_wconf 86' lang='lat' dir='ltr'><strong>Alan,</strong></span> <span class='ocrx_word' id='word_1_44' title='bbox 600 1353 768 1416; x_wconf 80' lang='lat' dir='ltr'><strong>sub-deacon,</strong></span> <span class='ocrx_word' id='word_1_45' title='bbox 775 1354 926 1421; x_wconf 81' lang='lat' dir='ltr'><strong>presented</strong></span> <span class='ocrx_word' id='word_1_46' title='bbox 931 1355 964 1424; x_wconf 87' lang='lat' dir='ltr'><strong>by</strong></span> <span class='ocrx_word' id='word_1_47' title='bbox 976 1353 1072 1424; x_wconf 86' lang='lat' dir='ltr'><strong>Roger</strong></span> <span class='ocrx_word' id='word_1_48' title='bbox 1079 1355 1106 1408; x_wconf 88' lang='lat' dir='ltr'><strong>d</strong></span> <span class='ocrx_word' id='word_1_49' title='bbox 1110 1356 1198 1424; x_wconf 89' lang='lat' dir='ltr'><strong>Oylly,</strong></span> <span class='ocrx_word' id='word_1_50' title='bbox 1209 1357 1234 1408; x_wconf 73' lang='lat' dir='ltr'><strong>is</strong></span> <span class='ocrx_word' id='word_1_51' title='bbox 1245 1357 1391 1410; x_wconf 71' lang='lat' dir='ltr'><strong>rintitnted</strong></span> <span class='ocrx_word' id='word_1_52' title='bbox 1402 1361 1508 1425; x_wconf 86' lang='lat' dir='ltr'><strong>parson</strong></span> 
     </span>
     <span class='ocr_line' id='line_1_7' title="bbox 315 1434 1507 1510; baseline 0.007 -24"><span class='ocrx_word' id='word_1_53' title='bbox 315 1436 351 1504; x_wconf 85' lang='lat' dir='ltr'><strong>os</strong></span> <span class='ocrx_word' id='word_1_54' title='bbox 356 1435 467 1489; x_wconf 88' lang='lat' dir='ltr'><strong>Kencot.</strong></span> <span class='ocrx_word' id='word_1_55' title='bbox 502 1435 548 1488; x_wconf 95' lang='lat' dir='ltr'><strong>He</strong></span> <span class='ocrx_word' id='word_1_56' title='bbox 558 1435 583 1488; x_wconf 82' lang='lat' dir='ltr'><strong>is</strong></span> <span class='ocrx_word' id='word_1_57' title='bbox 599 1439 626 1487; x_wconf 87' lang='lat' dir='ltr'><strong>to</strong></span> <span class='ocrx_word' id='word_1_58' title='bbox 636 1435 733 1488; x_wconf 83' lang='lat' dir='ltr'><strong>attend</strong></span> <span class='ocrx_word' id='word_1_59' title='bbox 742 1434 787 1488; x_wconf 80' lang='lat' dir='ltr'><strong>tlte</strong></span> <span class='ocrx_word' id='word_1_60' title='bbox 797 1435 902 1489; x_wconf 72' lang='lat' dir='ltr'><strong>schoots</strong></span> <span class='ocrx_word' id='word_1_61' title='bbox 912 1436 974 1490; x_wconf 88' lang='lat' dir='ltr'><strong>and</strong></span> <span class='ocrx_word' id='word_1_62' title='bbox 987 1437 1018 1490; x_wconf 81' lang='lat' dir='ltr'><strong>be</strong></span> <span class='ocrx_word' id='word_1_63' title='bbox 1028 1438 1178 1491; x_wconf 84' lang='lat' dir='ltr'><strong>examined</strong></span> <span class='ocrx_word' id='word_1_64' title='bbox 1186 1444 1217 1491; x_wconf 83' lang='lat' dir='ltr'><strong>at</strong></span> <span class='ocrx_word' id='word_1_65' title='bbox 1226 1439 1272 1491; x_wconf 73' lang='lat' dir='ltr'><strong>tte</strong></span> <span class='ocrx_word' id='word_1_66' title='bbox 1281 1439 1339 1492; x_wconf 86' lang='lat' dir='ltr'><strong>end</strong></span> <span class='ocrx_word' id='word_1_67' title='bbox 1347 1440 1383 1508; x_wconf 90' lang='lat' dir='ltr'><strong>os</strong></span> <span class='ocrx_word' id='word_1_68' title='bbox 1393 1456 1411 1492; x_wconf 88' lang='lat' dir='ltr'><em>a</em></span> <span class='ocrx_word' id='word_1_69' title='bbox 1416 1441 1507 1510; x_wconf 72' lang='lat' dir='ltr'><strong>year]</strong></span> 
     </span>
    </p>
   </div>
   <div class='ocr_carea' id='block_1_4' title="bbox 249 1571 1509 2175">
    <p class='ocr_par' dir='ltr' id='par_1_4' title="bbox 249 1571 1509 2175">
     <span class='ocr_line' id='line_1_8' title="bbox 338 1571 1508 1658; baseline 0.006 -24"><span class='ocrx_word' id='word_1_70' title='bbox 338 1571 794 1636; x_wconf 75' lang='lat' dir='ltr'><strong>KENIGCOT&#39;.—Willelmus</strong></span> <span class='ocrx_word' id='word_1_71' title='bbox 817 1571 906 1636; x_wconf 86' lang='lat' dir='ltr'><strong>filius</strong></span> <span class='ocrx_word' id='word_1_72' title='bbox 923 1572 1035 1650; x_wconf 91' lang='lat' dir='ltr'><strong>Alani,</strong></span> <span class='ocrx_word' id='word_1_73' title='bbox 1050 1574 1283 1652; x_wconf 68' lang='lat' dir='ltr'><strong>subdiaconus</strong></span> <span class='ocrx_word' id='word_1_74' title='bbox 1298 1586 1508 1658; x_wconf 87' lang='lat' dir='ltr'><strong>presentatus</strong></span> 
     </span>
     <span class='ocr_line' id='line_1_9' title="bbox 250 1674 1508 1762; baseline 0.006 -25"><span class='ocrx_word' id='word_1_75' title='bbox 250 1695 310 1758; x_wconf 90' lang='lat' dir='ltr'><strong>per</strong></span> <span class='ocrx_word' id='word_1_76' title='bbox 335 1674 504 1758; x_wconf 85' lang='lat' dir='ltr'><strong>Rogerum</strong></span> <span class='ocrx_word' id='word_1_77' title='bbox 535 1675 578 1741; x_wconf 91' lang='lat' dir='ltr'><strong>de</strong></span> <span class='ocrx_word' id='word_1_78' title='bbox 610 1675 714 1758; x_wconf 90' lang='lat' dir='ltr'><strong>Oylly</strong></span> <span class='ocrx_word' id='word_1_79' title='bbox 745 1676 787 1740; x_wconf 89' lang='lat' dir='ltr'><strong>ad</strong></span> <span class='ocrx_word' id='word_1_80' title='bbox 819 1677 995 1740; x_wconf 87' lang='lat' dir='ltr'><strong>ecclesiam</strong></span> <span class='ocrx_word' id='word_1_81' title='bbox 1022 1677 1065 1742; x_wconf 95' lang='lat' dir='ltr'><strong>de</strong></span> <span class='ocrx_word' id='word_1_82' title='bbox 1091 1679 1279 1762; x_wconf 85' lang='lat' dir='ltr'><strong>Kenigcot’,</strong></span> <span class='ocrx_word' id='word_1_83' title='bbox 1305 1680 1392 1744; x_wconf 83' lang='lat' dir='ltr'><strong>sacta</strong></span> <span class='ocrx_word' id='word_1_84' title='bbox 1419 1681 1508 1762; x_wconf 93' lang='lat' dir='ltr'><strong>prius</strong></span> 
     </span>
     <span class='ocr_line' id='line_1_10' title="bbox 250 1779 1508 1865; baseline 0.005 -23"><span class='ocrx_word' id='word_1_85' title='bbox 250 1780 464 1860; x_wconf 89' lang='lat' dir='ltr'><strong>inquisitione</strong></span> <span class='ocrx_word' id='word_1_86' title='bbox 474 1799 533 1862; x_wconf 90' lang='lat' dir='ltr'><strong>per</strong></span> <span class='ocrx_word' id='word_1_87' title='bbox 543 1779 886 1857; x_wconf 87' lang='lat' dir='ltr'><strong>A.,Archidiac0num</strong></span> <span class='ocrx_word' id='word_1_88' title='bbox 900 1781 1023 1856; x_wconf 88' lang='lat' dir='ltr'><strong>Oxon&#39;,</strong></span> <span class='ocrx_word' id='word_1_89' title='bbox 1035 1802 1214 1865; x_wconf 83' lang='lat' dir='ltr'><strong>perquam,</strong></span> <span class='ocrx_word' id='word_1_90' title='bbox 1226 1793 1297 1860; x_wconf 83' lang='lat' dir='ltr'><strong>etc,</strong></span> <span class='ocrx_word' id='word_1_91' title='bbox 1310 1784 1352 1848; x_wconf 90' lang='lat' dir='ltr'><strong>ad</strong></span> <span class='ocrx_word' id='word_1_92' title='bbox 1365 1784 1508 1849; x_wconf 90' lang='lat' dir='ltr'><strong>eandem</strong></span> 
     </span>
     <span class='ocr_line' id='line_1_11' title="bbox 249 1881 1509 1970; baseline 0.004 -23"><span class='ocrx_word' id='word_1_93' title='bbox 249 1881 417 1947; x_wconf 90' lang='lat' dir='ltr'><strong>admissus</strong></span> <span class='ocrx_word' id='word_1_94' title='bbox 427 1893 487 1960; x_wconf 89' lang='lat' dir='ltr'><strong>est,</strong></span> <span class='ocrx_word' id='word_1_95' title='bbox 498 1894 569 1961; x_wconf 77' lang='lat' dir='ltr'><strong>etc,</strong></span> <span class='ocrx_word' id='word_1_96' title='bbox 581 1893 615 1949; x_wconf 91' lang='lat' dir='ltr'><strong>et</strong></span> <span class='ocrx_word' id='word_1_97' title='bbox 628 1885 814 1966; x_wconf 90' lang='lat' dir='ltr'><strong>injunctum</strong></span> <span class='ocrx_word' id='word_1_98' title='bbox 824 1895 876 1949; x_wconf 91' lang='lat' dir='ltr'><strong>est</strong></span> <span class='ocrx_word' id='word_1_99' title='bbox 888 1885 935 1949; x_wconf 93' lang='lat' dir='ltr'><strong>illi</strong></span> <span class='ocrx_word' id='word_1_100' title='bbox 947 1896 984 1949; x_wconf 91' lang='lat' dir='ltr'><strong>ut</strong></span> <span class='ocrx_word' id='word_1_101' title='bbox 993 1887 1100 1950; x_wconf 92' lang='lat' dir='ltr'><strong>scolas</strong></span> <span class='ocrx_word' id='word_1_102' title='bbox 1113 1887 1300 1970; x_wconf 82' lang='lat' dir='ltr'><strong>frequentet</strong></span> <span class='ocrx_word' id='word_1_103' title='bbox 1312 1896 1346 1951; x_wconf 92' lang='lat' dir='ltr'><strong>et</strong></span> <span class='ocrx_word' id='word_1_104' title='bbox 1356 1887 1509 1952; x_wconf 87' lang='lat' dir='ltr'><strong>addiscat</strong></span> 
     </span>
     <span class='ocr_line' id='line_1_12' title="bbox 249 1988 1506 2077; baseline 0.003 -25"><span class='ocrx_word' id='word_1_105' title='bbox 249 1997 284 2052; x_wconf 91' lang='lat' dir='ltr'><strong>et</strong></span> <span class='ocrx_word' id='word_1_106' title='bbox 300 1997 376 2070; x_wconf 91' lang='lat' dir='ltr'><strong>post</strong></span> <span class='ocrx_word' id='word_1_107' title='bbox 392 2008 516 2051; x_wconf 93' lang='lat' dir='ltr'><strong>annum</strong></span> <span class='ocrx_word' id='word_1_108' title='bbox 534 1988 597 2051; x_wconf 91' lang='lat' dir='ltr'><strong>sub</strong></span> <span class='ocrx_word' id='word_1_109' title='bbox 612 2009 699 2069; x_wconf 87' lang='lat' dir='ltr'><strong>pena</strong></span> <span class='ocrx_word' id='word_1_110' title='bbox 715 1989 865 2053; x_wconf 88' lang='lat' dir='ltr'><strong>beneficii</strong></span> <span class='ocrx_word' id='word_1_111' title='bbox 882 1991 995 2077; x_wconf 91' lang='lat' dir='ltr'><strong>veniat</strong></span> <span class='ocrx_word' id='word_1_112' title='bbox 1010 1990 1264 2054; x_wconf 91' lang='lat' dir='ltr'><strong>examinandus.</strong></span> <span class='ocrx_word' id='word_1_113' title='bbox 1314 1991 1506 2073; x_wconf 88' lang='lat' dir='ltr'><strong>injunctum</strong></span> 
     </span>
     <span class='ocr_line' id='line_1_13' title="bbox 249 2090 971 2175; baseline 0.004 -22"><span class='ocrx_word' id='word_1_114' title='bbox 249 2100 301 2154; x_wconf 94' lang='lat' dir='ltr'><strong>est</strong></span> <span class='ocrx_word' id='word_1_115' title='bbox 316 2090 407 2154; x_wconf 89' lang='lat' dir='ltr'><strong>dicto</strong></span> <span class='ocrx_word' id='word_1_116' title='bbox 424 2090 671 2155; x_wconf 85' lang='lat' dir='ltr'><strong>Archidiacono</strong></span> <span class='ocrx_word' id='word_1_117' title='bbox 687 2093 832 2175; x_wconf 90' lang='lat' dir='ltr'><strong>presenti</strong></span> <span class='ocrx_word' id='word_1_118' title='bbox 849 2102 895 2170; x_wconf 93' lang='lat' dir='ltr'><strong>ut,</strong></span> <span class='ocrx_word' id='word_1_119' title='bbox 911 2103 971 2157; x_wconf 92' lang='lat' dir='ltr'><strong>etc.</strong></span> 
     </span>
    </p>
   </div>
   <div class='ocr_carea' id='block_1_5' title="bbox 250 2312 1515 2467">
    <p class='ocr_par' dir='ltr' id='par_1_5' title="bbox 250 2312 1515 2467">
     <span class='ocr_line' id='line_1_14' title="bbox 250 2312 1515 2386; baseline 0.004 -22"><span class='ocrx_word' id='word_1_120' title='bbox 250 2312 411 2381; x_wconf 69' lang='lat' dir='ltr'><strong>[Reginald</strong></span> <span class='ocrx_word' id='word_1_121' title='bbox 434 2313 603 2379; x_wconf 80' lang='lat' dir='ltr'><strong>sub-deacon,</strong></span> <span class='ocrx_word' id='word_1_122' title='bbox 623 2315 772 2382; x_wconf 78' lang='lat' dir='ltr'><strong>presented</strong></span> <span class='ocrx_word' id='word_1_123' title='bbox 791 2313 823 2383; x_wconf 84' lang='lat' dir='ltr'><strong>by</strong></span> <span class='ocrx_word' id='word_1_124' title='bbox 846 2315 946 2368; x_wconf 75' lang='lat' dir='ltr'><strong>Robert</strong></span> <span class='ocrx_word' id='word_1_125' title='bbox 971 2315 1113 2380; x_wconf 81' lang='lat' dir='ltr'><strong>Mauduit,</strong></span> <span class='ocrx_word' id='word_1_126' title='bbox 1137 2316 1162 2368; x_wconf 86' lang='lat' dir='ltr'><strong>is</strong></span> <span class='ocrx_word' id='word_1_127' title='bbox 1184 2315 1331 2368; x_wconf 82' lang='lat' dir='ltr'><strong>instituted</strong></span> <span class='ocrx_word' id='word_1_128' title='bbox 1344 2318 1454 2384; x_wconf 86' lang='lat' dir='ltr'><strong>parson</strong></span> <span class='ocrx_word' id='word_1_129' title='bbox 1478 2317 1515 2386; x_wconf 87' lang='lat' dir='ltr'><strong>os</strong></span> 
     </span>
     <span class='ocr_line' id='line_1_15' title="bbox 316 2394 1092 2467; baseline 0.006 -20"><span class='ocrx_word' id='word_1_130' title='bbox 316 2394 589 2464; x_wconf 81' lang='lat' dir='ltr'><strong>Broughton-Pogis.</strong></span> <span class='ocrx_word' id='word_1_131' title='bbox 624 2396 669 2450; x_wconf 92' lang='lat' dir='ltr'><strong>He</strong></span> <span class='ocrx_word' id='word_1_132' title='bbox 679 2397 740 2450; x_wconf 80' lang='lat' dir='ltr'><strong>isto</strong></span> <span class='ocrx_word' id='word_1_133' title='bbox 751 2397 902 2451; x_wconf 80' lang='lat' dir='ltr'><strong>attendtlre</strong></span> <span class='ocrx_word' id='word_1_134' title='bbox 912 2398 1022 2462; x_wconf 73' lang='lat' dir='ltr'><strong>scnooo,</strong></span> <span class='ocrx_word' id='word_1_135' title='bbox 1032 2398 1092 2467; x_wconf 73' lang='lat' dir='ltr'><strong>ete]</strong></span> 
     </span>
    </p>
   </div>
   <div class='ocr_carea' id='block_1_6' title="bbox 249 2531 1519 3135">
    <p class='ocr_par' dir='ltr' id='par_1_6' title="bbox 249 2531 1519 3135">
     <span class='ocr_line' id='line_1_16' title="bbox 339 2531 1509 2616; baseline 0.004 -23"><span class='ocrx_word' id='word_1_136' title='bbox 339 2531 820 2616; x_wconf 72' lang='lat' dir='ltr'><strong>BROUCTON&#39;.—Reginaldus</strong></span> <span class='ocrx_word' id='word_1_137' title='bbox 835 2534 877 2598; x_wconf 91' lang='lat' dir='ltr'><strong>de</strong></span> <span class='ocrx_word' id='word_1_138' title='bbox 898 2533 1035 2616; x_wconf 80' lang='lat' dir='ltr'><strong>[blank]‚</strong></span> <span class='ocrx_word' id='word_1_139' title='bbox 1050 2532 1282 2611; x_wconf 87' lang='lat' dir='ltr'><strong>subdiaconus,</strong></span> <span class='ocrx_word' id='word_1_140' title='bbox 1299 2544 1509 2616; x_wconf 84' lang='lat' dir='ltr'><strong>presentatus</strong></span> 
     </span>
     <span class='ocr_line' id='line_1_17' title="bbox 251 2634 1510 2721; baseline 0.004 -24"><span class='ocrx_word' id='word_1_141' title='bbox 251 2654 310 2718; x_wconf 90' lang='lat' dir='ltr'><strong>per</strong></span> <span class='ocrx_word' id='word_1_142' title='bbox 341 2634 526 2699; x_wconf 89' lang='lat' dir='ltr'><strong>Robertum</strong></span> <span class='ocrx_word' id='word_1_143' title='bbox 560 2635 715 2702; x_wconf 91' lang='lat' dir='ltr'><strong>Mauduit</strong></span> <span class='ocrx_word' id='word_1_144' title='bbox 745 2638 788 2700; x_wconf 92' lang='lat' dir='ltr'><strong>ad</strong></span> <span class='ocrx_word' id='word_1_145' title='bbox 818 2638 992 2701; x_wconf 89' lang='lat' dir='ltr'><strong>ecclesiam</strong></span> <span class='ocrx_word' id='word_1_146' title='bbox 1020 2639 1063 2702; x_wconf 92' lang='lat' dir='ltr'><strong>de</strong></span> <span class='ocrx_word' id='word_1_147' title='bbox 1090 2636 1277 2715; x_wconf 87' lang='lat' dir='ltr'><strong>Broucton’,</strong></span> <span class='ocrx_word' id='word_1_148' title='bbox 1304 2637 1393 2702; x_wconf 88' lang='lat' dir='ltr'><strong>sacta</strong></span> <span class='ocrx_word' id='word_1_149' title='bbox 1419 2639 1510 2721; x_wconf 91' lang='lat' dir='ltr'><strong>prius</strong></span> 
     </span>
     <span class='ocr_line' id='line_1_18' title="bbox 250 2739 1509 2825; baseline 0.002 -22"><span class='ocrx_word' id='word_1_150' title='bbox 250 2739 466 2821; x_wconf 89' lang='lat' dir='ltr'><strong>inquisitione</strong></span> <span class='ocrx_word' id='word_1_151' title='bbox 476 2761 534 2822; x_wconf 92' lang='lat' dir='ltr'><strong>per</strong></span> <span class='ocrx_word' id='word_1_152' title='bbox 547 2740 887 2817; x_wconf 88' lang='lat' dir='ltr'><strong>A.,Archidiaconum</strong></span> <span class='ocrx_word' id='word_1_153' title='bbox 902 2740 1025 2818; x_wconf 89' lang='lat' dir='ltr'><strong>Oxon&#39;,</strong></span> <span class='ocrx_word' id='word_1_154' title='bbox 1035 2763 1093 2825; x_wconf 90' lang='lat' dir='ltr'><strong>per</strong></span> <span class='ocrx_word' id='word_1_155' title='bbox 1104 2764 1216 2825; x_wconf 91' lang='lat' dir='ltr'><strong>quam,</strong></span> <span class='ocrx_word' id='word_1_156' title='bbox 1225 2752 1296 2819; x_wconf 72' lang='lat' dir='ltr'><strong>etc,</strong></span> <span class='ocrx_word' id='word_1_157' title='bbox 1308 2742 1352 2805; x_wconf 88' lang='lat' dir='ltr'><strong>ad</strong></span> <span class='ocrx_word' id='word_1_158' title='bbox 1366 2742 1509 2807; x_wconf 91' lang='lat' dir='ltr'><strong>eandem</strong></span> 
     </span>
     <span class='ocr_line' id='line_1_19' title="bbox 249 2842 1519 2930; baseline 0.005 -25"><span class='ocrx_word' id='word_1_159' title='bbox 249 2842 416 2906; x_wconf 88' lang='lat' dir='ltr'><strong>admissus</strong></span> <span class='ocrx_word' id='word_1_160' title='bbox 428 2853 488 2921; x_wconf 89' lang='lat' dir='ltr'><strong>est,</strong></span> <span class='ocrx_word' id='word_1_161' title='bbox 500 2855 560 2909; x_wconf 91' lang='lat' dir='ltr'><strong>etc.</strong></span> <span class='ocrx_word' id='word_1_162' title='bbox 603 2844 792 2926; x_wconf 88' lang='lat' dir='ltr'><strong>injunctum</strong></span> <span class='ocrx_word' id='word_1_163' title='bbox 806 2857 857 2910; x_wconf 92' lang='lat' dir='ltr'><strong>est</strong></span> <span class='ocrx_word' id='word_1_164' title='bbox 872 2846 964 2910; x_wconf 90' lang='lat' dir='ltr'><strong>dicto</strong></span> <span class='ocrx_word' id='word_1_165' title='bbox 974 2846 1222 2910; x_wconf 88' lang='lat' dir='ltr'><strong>Archidiacono</strong></span> <span class='ocrx_word' id='word_1_166' title='bbox 1233 2847 1377 2930; x_wconf 90' lang='lat' dir='ltr'><strong>presenti</strong></span> <span class='ocrx_word' id='word_1_167' title='bbox 1391 2858 1436 2922; x_wconf 91' lang='lat' dir='ltr'><strong>ut,</strong></span> <span class='ocrx_word' id='word_1_168' title='bbox 1448 2856 1519 2927; x_wconf 56' lang='lat' dir='ltr'><strong>etc„</strong></span> 
     </span>
     <span class='ocr_line' id='line_1_20' title="bbox 253 2946 1510 3033; baseline 0.005 -23"><span class='ocrx_word' id='word_1_169' title='bbox 253 2946 447 3028; x_wconf 89' lang='lat' dir='ltr'><strong>lnjunctum</strong></span> <span class='ocrx_word' id='word_1_170' title='bbox 471 2958 523 3011; x_wconf 90' lang='lat' dir='ltr'><strong>est</strong></span> <span class='ocrx_word' id='word_1_171' title='bbox 547 2948 648 3011; x_wconf 90' lang='lat' dir='ltr'><strong>etiam</strong></span> <span class='ocrx_word' id='word_1_172' title='bbox 665 2948 756 3013; x_wconf 93' lang='lat' dir='ltr'><strong>dicto</strong></span> <span class='ocrx_word' id='word_1_173' title='bbox 783 2949 821 3012; x_wconf 90' lang='lat' dir='ltr'><strong>R.</strong></span> <span class='ocrx_word' id='word_1_174' title='bbox 839 2961 875 3014; x_wconf 92' lang='lat' dir='ltr'><strong>ut</strong></span> <span class='ocrx_word' id='word_1_175' title='bbox 899 2950 1008 3013; x_wconf 91' lang='lat' dir='ltr'><strong>scolas</strong></span> <span class='ocrx_word' id='word_1_176' title='bbox 1032 2950 1220 3033; x_wconf 89' lang='lat' dir='ltr'><strong>frequentet</strong></span> <span class='ocrx_word' id='word_1_177' title='bbox 1245 2961 1279 3014; x_wconf 90' lang='lat' dir='ltr'><strong>et</strong></span> <span class='ocrx_word' id='word_1_178' title='bbox 1304 2949 1457 3014; x_wconf 89' lang='lat' dir='ltr'><strong>addiscat</strong></span> <span class='ocrx_word' id='word_1_179' title='bbox 1475 2960 1510 3016; x_wconf 90' lang='lat' dir='ltr'><strong>et</strong></span> 
     </span>
     <span class='ocr_line' id='line_1_21' title="bbox 250 3059 654 3135; baseline 0.002 -22"><span class='ocrx_word' id='word_1_180' title='bbox 250 3059 327 3134; x_wconf 91' lang='lat' dir='ltr'><strong>post</strong></span> <span class='ocrx_word' id='word_1_181' title='bbox 343 3071 478 3128; x_wconf 89' lang='lat' dir='ltr'><strong>annum,</strong></span> <span class='ocrx_word' id='word_1_182' title='bbox 494 3061 530 3115; x_wconf 93' lang='lat' dir='ltr'><strong>ut</strong></span> <span class='ocrx_word' id='word_1_183' title='bbox 546 3073 654 3135; x_wconf 90' lang='lat' dir='ltr'><strong>supra.</strong></span> 
     </span>
    </p>
   </div>
   <div class='ocr_carea' id='block_1_7' title="bbox 248 3293 1513 3873">
    <p class='ocr_par' dir='ltr' id='par_1_7' title="bbox 248 3293 1513 3529">
     <span class='ocr_line' id='line_1_22' title="bbox 248 3293 1513 3367; baseline 0.004 -20"><span class='ocrx_word' id='word_1_184' title='bbox 248 3293 346 3365; x_wconf 77' lang='lat' dir='ltr'><strong>[Elebs</strong></span> <span class='ocrx_word' id='word_1_185' title='bbox 362 3295 395 3348; x_wconf 90' lang='lat' dir='ltr'><strong>de</strong></span> <span class='ocrx_word' id='word_1_186' title='bbox 415 3295 573 3360; x_wconf 77' lang='lat' dir='ltr'><strong>Glouemr&#39;a,</strong></span> <span class='ocrx_word' id='word_1_187' title='bbox 586 3295 753 3362; x_wconf 83' lang='lat' dir='ltr'><strong>sub-deacon,</strong></span> <span class='ocrx_word' id='word_1_188' title='bbox 761 3298 912 3366; x_wconf 74' lang='lat' dir='ltr'><strong>presented</strong></span> <span class='ocrx_word' id='word_1_189' title='bbox 919 3297 952 3366; x_wconf 85' lang='lat' dir='ltr'><strong>by</strong></span> <span class='ocrx_word' id='word_1_190' title='bbox 962 3298 1009 3351; x_wconf 75' lang='lat' dir='ltr'><strong>tlte</strong></span> <span class='ocrx_word' id='word_1_191' title='bbox 1019 3298 1213 3352; x_wconf 78' lang='lat' dir='ltr'><strong>Archdeacons</strong></span> <span class='ocrx_word' id='word_1_192' title='bbox 1227 3299 1263 3367; x_wconf 83' lang='lat' dir='ltr'><strong>of</strong></span> <span class='ocrx_word' id='word_1_193' title='bbox 1273 3298 1513 3352; x_wconf 81' lang='lat' dir='ltr'><strong>Wncleesterand</strong></span> 
     </span>
     <span class='ocr_line' id='line_1_23' title="bbox 314 3377 1509 3451; baseline 0.004 -21"><span class='ocrx_word' id='word_1_194' title='bbox 314 3377 424 3446; x_wconf 78' lang='lat' dir='ltr'><strong>Surrey,</strong></span> <span class='ocrx_word' id='word_1_195' title='bbox 432 3381 558 3446; x_wconf 81' lang='lat' dir='ltr'><strong>proctors</strong></span> <span class='ocrx_word' id='word_1_196' title='bbox 568 3379 603 3447; x_wconf 89' lang='lat' dir='ltr'><strong>os</strong></span> <span class='ocrx_word' id='word_1_197' title='bbox 615 3378 661 3431; x_wconf 77' lang='lat' dir='ltr'><strong>the</strong></span> <span class='ocrx_word' id='word_1_198' title='bbox 671 3378 779 3446; x_wconf 76' lang='lat' dir='ltr'><strong>Bisltep</strong></span> <span class='ocrx_word' id='word_1_199' title='bbox 790 3380 826 3448; x_wconf 88' lang='lat' dir='ltr'><strong>os</strong></span> <span class='ocrx_word' id='word_1_200' title='bbox 842 3379 1016 3444; x_wconf 77' lang='lat' dir='ltr'><strong>Wnchester,</strong></span> <span class='ocrx_word' id='word_1_201' title='bbox 1028 3381 1054 3432; x_wconf 82' lang='lat' dir='ltr'><strong>is</strong></span> <span class='ocrx_word' id='word_1_202' title='bbox 1069 3379 1215 3434; x_wconf 82' lang='lat' dir='ltr'><strong>instituted</strong></span> <span class='ocrx_word' id='word_1_203' title='bbox 1222 3383 1330 3448; x_wconf 78' lang='lat' dir='ltr'><strong>parson</strong></span> <span class='ocrx_word' id='word_1_204' title='bbox 1342 3382 1379 3451; x_wconf 90' lang='lat' dir='ltr'><strong>os</strong></span> <span class='ocrx_word' id='word_1_205' title='bbox 1394 3381 1509 3450; x_wconf 82' lang='lat' dir='ltr'><strong>We&#39;tney.</strong></span> 
     </span>
     <span class='ocr_line' id='line_1_24' title="bbox 319 3459 1061 3529; baseline 0.003 -17"><span class='ocrx_word' id='word_1_206' title='bbox 319 3459 444 3513; x_wconf 78' lang='lat' dir='ltr'><strong>Wdlebm</strong></span> <span class='ocrx_word' id='word_1_207' title='bbox 456 3475 507 3513; x_wconf 86' lang='lat' dir='ltr'><strong>son</strong></span> <span class='ocrx_word' id='word_1_208' title='bbox 519 3461 554 3529; x_wconf 88' lang='lat' dir='ltr'><strong>of</strong></span> <span class='ocrx_word' id='word_1_209' title='bbox 560 3459 728 3528; x_wconf 76' lang='lat' dir='ltr'><strong>Humphrey</strong></span> <span class='ocrx_word' id='word_1_210' title='bbox 738 3475 890 3515; x_wconf 85' lang='lat' dir='ltr'><strong>renonnces</strong></span> <span class='ocrx_word' id='word_1_211' title='bbox 901 3461 946 3515; x_wconf 77' lang='lat' dir='ltr'><strong>leis</strong></span> <span class='ocrx_word' id='word_1_212' title='bbox 957 3460 1061 3529; x_wconf 67' lang='lat' dir='ltr'><strong>claim]</strong></span> 
     </span>
    </p>

    <p class='ocr_par' dir='ltr' id='par_1_8' title="bbox 249 3579 1510 3770">
     <span class='ocr_line' id='line_1_25' title="bbox 337 3579 1510 3663; baseline 0.005 -22"><span class='ocrx_word' id='word_1_213' title='bbox 337 3579 793 3663; x_wconf 79' lang='lat' dir='ltr'><strong>WITTENEYE.-Magister</strong></span> <span class='ocrx_word' id='word_1_214' title='bbox 826 3579 956 3663; x_wconf 90' lang='lat' dir='ltr'><strong>Helyas</strong></span> <span class='ocrx_word' id='word_1_215' title='bbox 982 3580 1026 3645; x_wconf 90' lang='lat' dir='ltr'><strong>de</strong></span> <span class='ocrx_word' id='word_1_216' title='bbox 1056 3581 1247 3660; x_wconf 85' lang='lat' dir='ltr'><strong>Glouemia‚</strong></span> <span class='ocrx_word' id='word_1_217' title='bbox 1275 3581 1510 3660; x_wconf 89' lang='lat' dir='ltr'><strong>subdiaconus,</strong></span> 
     </span>
     <span class='ocr_line' id='line_1_26' title="bbox 249 3683 1507 3770; baseline 0.002 -22"><span class='ocrx_word' id='word_1_218' title='bbox 249 3693 461 3768; x_wconf 89' lang='lat' dir='ltr'><strong>presentatus</strong></span> <span class='ocrx_word' id='word_1_219' title='bbox 485 3705 544 3767; x_wconf 89' lang='lat' dir='ltr'><strong>per</strong></span> <span class='ocrx_word' id='word_1_220' title='bbox 568 3683 768 3767; x_wconf 86' lang='lat' dir='ltr'><strong>Magistrum</strong></span> <span class='ocrx_word' id='word_1_221' title='bbox 795 3685 1067 3750; x_wconf 90' lang='lat' dir='ltr'><strong>Bartholomeum</strong></span> <span class='ocrx_word' id='word_1_222' title='bbox 1085 3685 1293 3770; x_wconf 88' lang='lat' dir='ltr'><strong>Winton[ie]</strong></span> <span class='ocrx_word' id='word_1_223' title='bbox 1320 3696 1355 3751; x_wconf 93' lang='lat' dir='ltr'><strong>et</strong></span> <span class='ocrx_word' id='word_1_224' title='bbox 1380 3687 1507 3752; x_wconf 85' lang='lat' dir='ltr'><strong>Lucam</strong></span> 
     </span>
    </p>

    <p class='ocr_par' dir='ltr' id='par_1_9' title="bbox 251 3786 1507 3873">
     <span class='ocr_line' id='line_1_27' title="bbox 251 3786 1507 3873; baseline 0.002 -20"><span class='ocrx_word' id='word_1_225' title='bbox 251 3787 418 3871; x_wconf 74' lang='lat' dir='ltr'><strong>Surr[eiel</strong></span> <span class='ocrx_word' id='word_1_226' title='bbox 458 3786 731 3866; x_wconf 86' lang='lat' dir='ltr'><strong>Archidiaconos,</strong></span> <span class='ocrx_word' id='word_1_227' title='bbox 762 3788 890 3852; x_wconf 93' lang='lat' dir='ltr'><strong>domini</strong></span> <span class='ocrx_word' id='word_1_228' title='bbox 921 3788 1164 3854; x_wconf 87' lang='lat' dir='ltr'><strong>Wintoniensis</strong></span> <span class='ocrx_word' id='word_1_229' title='bbox 1195 3801 1435 3873; x_wconf 91' lang='lat' dir='ltr'><strong>procuratores,</strong></span> <span class='ocrx_word' id='word_1_230' title='bbox 1465 3792 1507 3856; x_wconf 91' lang='lat' dir='ltr'><strong>ad</strong></span> 
     </span>
    </p>
   </div>
   <div class='ocr_carea' id='block_1_8' title="bbox 249 3889 1509 4077">
    <p class='ocr_par' dir='ltr' id='par_1_10' title="bbox 249 3889 1509 4077">
     <span class='ocr_line' id='line_1_28' title="bbox 249 3889 1509 3977; baseline 0.004 -23"><span class='ocrx_word' id='word_1_231' title='bbox 249 3891 423 3955; x_wconf 90' lang='lat' dir='ltr'><strong>ecclesiam</strong></span> <span class='ocrx_word' id='word_1_232' title='bbox 454 3889 497 3955; x_wconf 92' lang='lat' dir='ltr'><strong>de</strong></span> <span class='ocrx_word' id='word_1_233' title='bbox 520 3892 722 3975; x_wconf 88' lang='lat' dir='ltr'><strong>Witteneye‚</strong></span> <span class='ocrx_word' id='word_1_234' title='bbox 753 3892 841 3956; x_wconf 88' lang='lat' dir='ltr'><strong>sacta</strong></span> <span class='ocrx_word' id='word_1_235' title='bbox 861 3894 952 3976; x_wconf 93' lang='lat' dir='ltr'><strong>prius</strong></span> <span class='ocrx_word' id='word_1_236' title='bbox 978 3894 1193 3976; x_wconf 91' lang='lat' dir='ltr'><strong>inquisitione</strong></span> <span class='ocrx_word' id='word_1_237' title='bbox 1218 3914 1277 3977; x_wconf 94' lang='lat' dir='ltr'><strong>per</strong></span> <span class='ocrx_word' id='word_1_238' title='bbox 1308 3894 1359 3972; x_wconf 86' lang='lat' dir='ltr'><strong>A,</strong></span> <span class='ocrx_word' id='word_1_239' title='bbox 1391 3895 1509 3959; x_wconf 89' lang='lat' dir='ltr'><strong>Archi·</strong></span> 
     </span>
     <span class='ocr_line' id='line_1_29' title="bbox 249 3990 1506 4077; baseline 0.004 -24"><span class='ocrx_word' id='word_1_240' title='bbox 249 3990 427 4054; x_wconf 87' lang='lat' dir='ltr'><strong>diaconum</strong></span> <span class='ocrx_word' id='word_1_241' title='bbox 443 3991 565 4068; x_wconf 89' lang='lat' dir='ltr'><strong>Oxon&#39;,</strong></span> <span class='ocrx_word' id='word_1_242' title='bbox 577 4003 611 4056; x_wconf 92' lang='lat' dir='ltr'><strong>et</strong></span> <span class='ocrx_word' id='word_1_243' title='bbox 624 3991 795 4055; x_wconf 92' lang='lat' dir='ltr'><strong>Willelmo</strong></span> <span class='ocrx_word' id='word_1_244' title='bbox 808 3990 876 4055; x_wconf 91' lang='lat' dir='ltr'><strong>filio</strong></span> <span class='ocrx_word' id='word_1_245' title='bbox 890 3992 1037 4058; x_wconf 90' lang='lat' dir='ltr'><strong>Umfridi</strong></span> <span class='ocrx_word' id='word_1_246' title='bbox 1050 3993 1084 4056; x_wconf 92' lang='lat' dir='ltr'><strong>in</strong></span> <span class='ocrx_word' id='word_1_247' title='bbox 1101 3993 1384 4076; x_wconf 87' lang='lat' dir='ltr'><strong>presentationem</strong></span> <span class='ocrx_word' id='word_1_248' title='bbox 1401 3995 1506 4077; x_wconf 88' lang='lat' dir='ltr'><strong>ipsam</strong></span> 
     </span>
    </p>
   </div>
   <div class='ocr_carea' id='block_1_9' title="bbox 248 4094 1507 4386">
    <p class='ocr_par' dir='ltr' id='par_1_11' title="bbox 248 4094 1507 4386">
     <span class='ocr_line' id='line_1_30' title="bbox 248 4094 1506 4179; baseline 0.005 -23"><span class='ocrx_word' id='word_1_249' title='bbox 248 4094 477 4159; x_wconf 88' lang='lat' dir='ltr'><strong>consentiente</strong></span> <span class='ocrx_word' id='word_1_250' title='bbox 496 4105 530 4159; x_wconf 90' lang='lat' dir='ltr'><strong>et</strong></span> <span class='ocrx_word' id='word_1_251' title='bbox 549 4095 769 4177; x_wconf 88' lang='lat' dir='ltr'><strong>appellacioni</strong></span> <span class='ocrx_word' id='word_1_252' title='bbox 789 4117 847 4159; x_wconf 89' lang='lat' dir='ltr'><strong>sue</strong></span> <span class='ocrx_word' id='word_1_253' title='bbox 867 4116 968 4178; x_wconf 92' lang='lat' dir='ltr'><strong>quam</strong></span> <span class='ocrx_word' id='word_1_254' title='bbox 989 4117 1050 4179; x_wconf 88' lang='lat' dir='ltr'><strong>pro</strong></span> <span class='ocrx_word' id='word_1_255' title='bbox 1070 4096 1220 4179; x_wconf 91' lang='lat' dir='ltr'><strong>predicta</strong></span> <span class='ocrx_word' id='word_1_256' title='bbox 1242 4097 1383 4161; x_wconf 87' lang='lat' dir='ltr'><strong>ecclesia</strong></span> <span class='ocrx_word' id='word_1_257' title='bbox 1407 4098 1506 4162; x_wconf 90' lang='lat' dir='ltr'><strong>inter-</strong></span> 
     </span>
     <span class='ocr_line' id='line_1_31' title="bbox 250 4199 1507 4282; baseline 0.004 -22"><span class='ocrx_word' id='word_1_258' title='bbox 250 4207 405 4280; x_wconf 90' lang='lat' dir='ltr'><strong>posuerat</strong></span> <span class='ocrx_word' id='word_1_259' title='bbox 426 4200 650 4275; x_wconf 89' lang='lat' dir='ltr'><strong>renunciante,</strong></span> <span class='ocrx_word' id='word_1_260' title='bbox 670 4199 712 4263; x_wconf 92' lang='lat' dir='ltr'><strong>ad</strong></span> <span class='ocrx_word' id='word_1_261' title='bbox 732 4199 874 4264; x_wconf 89' lang='lat' dir='ltr'><strong>eandem</strong></span> <span class='ocrx_word' id='word_1_262' title='bbox 897 4200 1062 4264; x_wconf 91' lang='lat' dir='ltr'><strong>admissus</strong></span> <span class='ocrx_word' id='word_1_263' title='bbox 1088 4209 1148 4276; x_wconf 91' lang='lat' dir='ltr'><strong>est,</strong></span> <span class='ocrx_word' id='word_1_264' title='bbox 1168 4210 1238 4277; x_wconf 74' lang='lat' dir='ltr'><strong>etc,</strong></span> <span class='ocrx_word' id='word_1_265' title='bbox 1258 4210 1293 4264; x_wconf 92' lang='lat' dir='ltr'><strong>et</strong></span> <span class='ocrx_word' id='word_1_266' title='bbox 1320 4201 1507 4282; x_wconf 91' lang='lat' dir='ltr'><strong>injunctum</strong></span> 
     </span>
     <span class='ocr_line' id='line_1_32' title="bbox 249 4301 967 4386; baseline 0.006 -21"><span class='ocrx_word' id='word_1_267' title='bbox 249 4313 301 4366; x_wconf 88' lang='lat' dir='ltr'><strong>est</strong></span> <span class='ocrx_word' id='word_1_268' title='bbox 315 4301 406 4366; x_wconf 92' lang='lat' dir='ltr'><strong>dicto</strong></span> <span class='ocrx_word' id='word_1_269' title='bbox 423 4302 670 4367; x_wconf 89' lang='lat' dir='ltr'><strong>Archidiacono</strong></span> <span class='ocrx_word' id='word_1_270' title='bbox 686 4306 831 4386; x_wconf 91' lang='lat' dir='ltr'><strong>presenti</strong></span> <span class='ocrx_word' id='word_1_271' title='bbox 848 4314 894 4382; x_wconf 89' lang='lat' dir='ltr'><strong>ut,</strong></span> <span class='ocrx_word' id='word_1_272' title='bbox 906 4315 967 4369; x_wconf 92' lang='lat' dir='ltr'><strong>etc.</strong></span> 
     </span>
    </p>
   </div>
   <div class='ocr_carea' id='block_1_10' title="bbox 255 4521 1514 4760">
    <p class='ocr_par' dir='ltr' id='par_1_12' title="bbox 255 4521 1514 4760">
     <span class='ocr_line' id='line_1_33' title="bbox 255 4521 1508 4596; baseline 0.005 -22"><span class='ocrx_word' id='word_1_273' title='bbox 255 4521 430 4591; x_wconf 79' lang='lat' dir='ltr'><strong>[Alexander</strong></span> <span class='ocrx_word' id='word_1_274' title='bbox 444 4523 488 4592; x_wconf 82' lang='lat' dir='ltr'><strong>[de</strong></span> <span class='ocrx_word' id='word_1_275' title='bbox 498 4524 663 4593; x_wconf 63' lang='lat' dir='ltr'><strong>Swersord}</strong></span> <span class='ocrx_word' id='word_1_276' title='bbox 677 4524 853 4580; x_wconf 81' lang='lat' dir='ltr'><strong>Arckdeacon</strong></span> <span class='ocrx_word' id='word_1_277' title='bbox 869 4528 906 4595; x_wconf 86' lang='lat' dir='ltr'><strong>of</strong></span> <span class='ocrx_word' id='word_1_278' title='bbox 911 4526 1005 4594; x_wconf 75' lang='lat' dir='ltr'><strong>Salep,</strong></span> <span class='ocrx_word' id='word_1_279' title='bbox 1020 4527 1100 4579; x_wconf 82' lang='lat' dir='ltr'><strong>vicar</strong></span> <span class='ocrx_word' id='word_1_280' title='bbox 1108 4527 1144 4595; x_wconf 86' lang='lat' dir='ltr'><strong>of</strong></span> <span class='ocrx_word' id='word_1_281' title='bbox 1150 4526 1302 4594; x_wconf 73' lang='lat' dir='ltr'><strong>Sweesord</strong></span> <span class='ocrx_word' id='word_1_282' title='bbox 1309 4529 1462 4594; x_wconf 73' lang='lat' dir='ltr'><strong>presented</strong></span> <span class='ocrx_word' id='word_1_283' title='bbox 1475 4529 1508 4596; x_wconf 81' lang='lat' dir='ltr'><strong>by</strong></span> 
     </span>
     <span class='ocr_line' id='line_1_34' title="bbox 319 4604 1514 4678; baseline 0.004 -20"><span class='ocrx_word' id='word_1_284' title='bbox 319 4605 365 4658; x_wconf 74' lang='lat' dir='ltr'><strong>ttae</strong></span> <span class='ocrx_word' id='word_1_285' title='bbox 377 4604 509 4674; x_wconf 72' lang='lat' dir='ltr'><strong>Asbotos</strong></span> <span class='ocrx_word' id='word_1_286' title='bbox 518 4607 627 4676; x_wconf 89' lang='lat' dir='ltr'><strong>Oseney,</strong></span> <span class='ocrx_word' id='word_1_287' title='bbox 640 4609 665 4660; x_wconf 84' lang='lat' dir='ltr'><strong>e&#39;s</strong></span> <span class='ocrx_word' id='word_1_288' title='bbox 677 4608 824 4662; x_wconf 82' lang='lat' dir='ltr'><strong>rnstituted</strong></span> <span class='ocrx_word' id='word_1_289' title='bbox 833 4613 860 4662; x_wconf 83' lang='lat' dir='ltr'><strong>to</strong></span> <span class='ocrx_word' id='word_1_290' title='bbox 872 4609 918 4664; x_wconf 79' lang='lat' dir='ltr'><strong>the</strong></span> <span class='ocrx_word' id='word_1_291' title='bbox 922 4611 1084 4677; x_wconf 78' lang='lat' dir='ltr'><strong>personage</strong></span> <span class='ocrx_word' id='word_1_292' title='bbox 1098 4610 1134 4678; x_wconf 90' lang='lat' dir='ltr'><strong>os</strong></span> <span class='ocrx_word' id='word_1_293' title='bbox 1145 4609 1298 4674; x_wconf 64' lang='lat' dir='ltr'><strong>sperare</strong></span> <span class='ocrx_word' id='word_1_294' title='bbox 1311 4611 1464 4678; x_wconf 71' lang='lat' dir='ltr'><strong>munsung</strong></span> <span class='ocrx_word' id='word_1_295' title='bbox 1478 4610 1514 4678; x_wconf 87' lang='lat' dir='ltr'><strong>of</strong></span> 
     </span>
     <span class='ocr_line' id='line_1_35' title="bbox 315 4689 1367 4760; baseline 0.003 -20"><span class='ocrx_word' id='word_1_296' title='bbox 315 4703 334 4739; x_wconf 84' lang='lat' dir='ltr'><strong><em>a</em></strong></span> <span class='ocrx_word' id='word_1_297' title='bbox 345 4689 466 4755; x_wconf 80' lang='lat' dir='ltr'><strong>penseim</strong></span> <span class='ocrx_word' id='word_1_298' title='bbox 482 4691 518 4757; x_wconf 86' lang='lat' dir='ltr'><strong>of</strong></span> <span class='ocrx_word' id='word_1_299' title='bbox 529 4705 591 4752; x_wconf 70' lang='lat' dir='ltr'><strong>eos,</strong></span> <span class='ocrx_word' id='word_1_300' title='bbox 602 4689 663 4742; x_wconf 87' lang='lat' dir='ltr'><strong>and</strong></span> <span class='ocrx_word' id='word_1_301' title='bbox 671 4689 716 4742; x_wconf 76' lang='lat' dir='ltr'><strong>tlte</strong></span> <span class='ocrx_word' id='word_1_302' title='bbox 722 4694 884 4758; x_wconf 73' lang='lat' dir='ltr'><strong>personage</strong></span> <span class='ocrx_word' id='word_1_303' title='bbox 895 4691 956 4743; x_wconf 86' lang='lat' dir='ltr'><strong>and</strong></span> <span class='ocrx_word' id='word_1_304' title='bbox 964 4691 1097 4759; x_wconf 78' lang='lat' dir='ltr'><strong>ve&#39;carage</strong></span> <span class='ocrx_word' id='word_1_305' title='bbox 1106 4707 1155 4744; x_wconf 84' lang='lat' dir='ltr'><strong>are</strong></span> <span class='ocrx_word' id='word_1_306' title='bbox 1164 4690 1367 4760; x_wconf 66' lang='lat' dir='ltr'><strong>cenomanen]</strong></span> 
     </span>
    </p>
   </div>
   <div class='ocr_carea' id='block_1_11' title="bbox 250 4823 1507 5116">
    <p class='ocr_par' dir='ltr' id='par_1_13' title="bbox 250 4823 1507 5116">
     <span class='ocr_line' id='line_1_36' title="bbox 336 4823 1507 4908; baseline 0.002 -19"><span class='ocrx_word' id='word_1_307' title='bbox 336 4823 782 4889; x_wconf 78' lang='lat' dir='ltr'><strong>SUEREFORD’.-Vacante</strong></span> <span class='ocrx_word' id='word_1_308' title='bbox 804 4827 964 4908; x_wconf 90' lang='lat' dir='ltr'><strong>pensione</strong></span> <span class='ocrx_word' id='word_1_309' title='bbox 986 4827 1021 4889; x_wconf 90' lang='lat' dir='ltr'><strong>xl</strong></span> <span class='ocrx_word' id='word_1_310' title='bbox 1041 4826 1224 4891; x_wconf 92' lang='lat' dir='ltr'><strong>solidorum</strong></span> <span class='ocrx_word' id='word_1_311' title='bbox 1245 4828 1279 4889; x_wconf 94' lang='lat' dir='ltr'><strong>in</strong></span> <span class='ocrx_word' id='word_1_312' title='bbox 1298 4827 1438 4890; x_wconf 90' lang='lat' dir='ltr'><strong>ecclesia</strong></span> <span class='ocrx_word' id='word_1_313' title='bbox 1463 4827 1507 4891; x_wconf 92' lang='lat' dir='ltr'><strong>de</strong></span> 
     </span>
     <span class='ocr_line' id='line_1_37' title="bbox 250 4925 1506 5014; baseline 0.002 -23"><span class='ocrx_word' id='word_1_314' title='bbox 250 4925 456 5004; x_wconf 87' lang='lat' dir='ltr'><strong>Sueresorde,</strong></span> <span class='ocrx_word' id='word_1_315' title='bbox 472 4949 547 4992; x_wconf 94' lang='lat' dir='ltr'><strong>cum</strong></span> <span class='ocrx_word' id='word_1_316' title='bbox 572 4927 769 4993; x_wconf 85' lang='lat' dir='ltr'><strong>Alexander</strong></span> <span class='ocrx_word' id='word_1_317' title='bbox 793 4929 1060 4993; x_wconf 89' lang='lat' dir='ltr'><strong>Archidiaconus</strong></span> <span class='ocrx_word' id='word_1_318' title='bbox 1082 4930 1125 4994; x_wconf 93' lang='lat' dir='ltr'><strong>de</strong></span> <span class='ocrx_word' id='word_1_319' title='bbox 1149 4930 1399 5014; x_wconf 90' lang='lat' dir='ltr'><strong>Saloppesbiria</strong></span> <span class='ocrx_word' id='word_1_320' title='bbox 1419 4930 1506 5012; x_wconf 91' lang='lat' dir='ltr'><strong>ejus-</strong></span> 
     </span>
     <span class='ocr_line' id='line_1_38' title="bbox 250 5028 1506 5116; baseline 0.005 -23"><span class='ocrx_word' id='word_1_321' title='bbox 250 5028 328 5094; x_wconf 93' lang='lat' dir='ltr'><strong>dem</strong></span> <span class='ocrx_word' id='word_1_322' title='bbox 358 5031 496 5095; x_wconf 92' lang='lat' dir='ltr'><strong>ecclesie</strong></span> <span class='ocrx_word' id='word_1_323' title='bbox 527 5032 667 5096; x_wconf 92' lang='lat' dir='ltr'><strong>vicarius</strong></span> <span class='ocrx_word' id='word_1_324' title='bbox 698 5055 758 5116; x_wconf 91' lang='lat' dir='ltr'><strong>per</strong></span> <span class='ocrx_word' id='word_1_325' title='bbox 784 5034 956 5098; x_wconf 87' lang='lat' dir='ltr'><strong>Abbatem</strong></span> <span class='ocrx_word' id='word_1_326' title='bbox 987 5045 1021 5099; x_wconf 91' lang='lat' dir='ltr'><strong>et</strong></span> <span class='ocrx_word' id='word_1_327' title='bbox 1051 5046 1254 5099; x_wconf 92' lang='lat' dir='ltr'><strong>conventum</strong></span> <span class='ocrx_word' id='word_1_328' title='bbox 1291 5035 1428 5116; x_wconf 91' lang='lat' dir='ltr'><strong>Osneye</strong></span> <span class='ocrx_word' id='word_1_329' title='bbox 1463 5034 1506 5099; x_wconf 90' lang='lat' dir='ltr'><strong>ad</strong></span> 
     </span>
    </p>
   </div>
   <div class='ocr_carea' id='block_1_12' title="bbox 0 0 1811 5642">
    <p class='ocr_par' dir='ltr' id='par_1_14' title="bbox 0 0 1811 5642">
     <span class='ocr_line' id='line_1_39' title="bbox 0 0 1811 5642; baseline 0 0"><span class='ocrx_word' id='word_1_330' title='bbox 0 0 1811 5642; x_wconf 95' lang='lat' dir='ltr'><strong> </strong></span> 
     </span>
    </p>
   </div>
  </div>
 </body>
</html>
