3609 5642
344 584 417 672 284
687 579 824 653 Rutuli
845 578 1023 676 Hugonis
1048 578 1092 651 de
1126 577 1259 651 Welles

338 820 454 904 junxit
468 821 569 885 etiam
585 820 743 884 dominus
760 818 948 903 Episcopus
964 818 1027 882 sub
1042 818 1157 882 debito
1173 817 1301 901 prestiti
1315 814 1495 898 juramenti
1512 812 1602 897 quod

342 925 450 988 scolas
466 922 653 1005 frequentet
662 924 821 987 continue
831 933 866 988 et
878 922 1038 988 addiscat.
1085 921 1130 986 Et
1144 921 1341 986 mandatum
1355 919 1604 985 Archidiacono

344 1028 539 1092 Leircestrie
575 1026 666 1110 quod
704 1026 888 1092 secundum
928 1026 1069 1091 formam
1112 1026 1318 1110 premissam,
1354 1035 1416 1089 etc.
1471 1022 1609 1109 [Added

341 1132 504 1215 later.·-]
528 1133 649 1196 Postea
671 1130 750 1196 date
772 1139 850 1195 sunt
873 1131 1006 1195 inducie
1029 1130 1182 1195 veniendi
1206 1129 1249 1195 ad
1273 1128 1406 1194 ordines
1430 1128 1605 1213 proximos

344 1247 420 1321 post
437 1236 567 1300 Natale.

341 1456 529 1561 [Wutumee'
542 1493 699 1555 Wuecrone,
705 1493 895 1562 ereseneery
906 1492 1041 1547 uenae
1051 1493 1085 1548 de
1101 1493 1218 1556 radun,
1231 1494 1256 1546 e
1267 1490 1607 1545 immemorum

406 1576 443 1644 os
454 1575 578 1643 Beltorr.]

431 1685 881 1751 BELETONE.-Willelmus
896 1684 940 1751 de
959 1684 1160 1764 Wudetone,
1177 1693 1387 1769 presentatus
1405 1705 1464 1768 per
1482 1684 1606 1748 Nicho·

342 1791 432 1854 laum
448 1790 491 1854 de
506 1790 645 1855 Verdun
665 1789 708 1854 ad
729 1790 905 1854 ecclesiam
921 1788 964 1854 de
987 1789 1155 1867 Beletone,
1172 1788 1260 1853 sacta
1281 1789 1371 1872 prius
1391 1788 1607 1871 inquisitione

343 1915 402 1978 per
424 1893 707 1958 Archidiaconum
733 1892 930 1958 Leircestrie
954 1914 1013 1976 per
1034 1914 1146 1977 quam,
1161 1901 1233 1971 etc,
1248 1891 1416 1957 admissus
1430 1901 1492 1969 est,
1513 1902 1549 1957 et
1572 1892 1605 1956 in

342 2018 383 2061 ea
406 1998 566 2062 canonice
593 2016 735 2080 persona
761 1998 957 2061 institutus·
990 1996 1035 2061 Et
1061 1998 1140 2080 quia
1167 1997 1277 2060 minus
1305 1995 1508 2061 sufficienter
1535 2006 1607 2061 erat

343 2100 507 2166 litteratus
528 2099 676 2183 injunxit
694 2101 724 2164 ei
743 2100 900 2164 dominus
920 2101 1110 2184 Episcopus
1130 2110 1207 2185 post
1226 2100 1453 2165 obedientiam
1474 2100 1608 2178 factam,

343 2205 406 2268 sub
421 2204 536 2268 debito
552 2205 679 2289 prestiti
693 2204 884 2286 juramenti,
899 2204 990 2288 quod
1010 2205 1117 2269 scolas
1138 2214 1304 2283 exerceat,
1318 2215 1352 2270 et
1368 2204 1459 2287 quod
1478 2226 1499 2268 a
1521 2204 1607 2269 sesto

344 2308 460 2373 Sancti
486 2308 660 2372 Michaelis
682 2329 771 2372 anno
795 2306 1010 2391 pontificatus
1033 2308 1082 2371 sui
1108 2308 1184 2391 xiij⁰
1206 2309 1239 2372 in
1271 2328 1396 2373 annum
1420 2310 1533 2373 veniat
1563 2308 1606 2373 ad

343 2412 453 2495 ipsum
478 2411 652 2476 dominum
681 2412 887 2497 Episcopum
913 2412 1160 2476 examinandus
1181 2423 1218 2478 ut
1236 2412 1320 2477 scire
1339 2411 1445 2497 possit
1464 2413 1608 2496 qualiter

344 2516 378 2578 in
401 2516 500 2579 scolis
523 2515 706 2600 profecerit,
721 2517 868 2599 alioquin
892 2516 1003 2599 ipsum
1024 2516 1095 2598 jam
1119 2516 1209 2582 dicta
1231 2517 1371 2581 ecclesia
1394 2538 1453 2600 per
1474 2526 1606 2581 senten·

344 2620 426 2683 tiam
448 2618 518 2701 jam
544 2621 647 2685 latam
673 2622 822 2703 privavit
870 2620 915 2683 Et
940 2620 1136 2684 mandatum
1163 2632 1215 2685 est
1242 2620 1333 2685 dicto
1359 2620 1607 2684 Archidiacono

346 2723 543 2788 Leircestrie
557 2724 715 2806 quatinus
735 2725 844 2807 ipsum
864 2724 897 2785 in
919 2726 1125 2807 corporalem
1146 2724 1297 2806 ejusdem
1318 2724 1457 2789 ecclesie
1478 2744 1606 2807 posses-

346 2827 474 2890 sionem
502 2825 603 2907 juxta
628 2826 768 2890 sormam
794 2828 990 2909 premissam
1015 2827 1184 2905 inducens,
1207 2827 1382 2912 provideat
1403 2827 1494 2911 quod
1517 2825 1606 2891 dicta

345 2930 486 2995 ecclesia
501 2951 561 3013 per
576 2929 733 2995 idoneum
749 2929 959 3015 capellanum
976 2931 1108 2995 interim
1124 2930 1295 2996 officietur.

410 3187 555 3256 [Mem-s]

345 3296 461 3361 [Simon.
474 3294 612 3364 chaplain.
621 3296 769 3363 presented
782 3295 817 3365 by
833 3295 967 3349 Nicholas
983 3296 1017 3349 de
1039 3295 1154 3359 Verdun.
1167 3296 1192 3348 is
1209 3297 1354 3350 instituted
1366 3301 1394 3349 to
1408 3297 1454 3349 tlte
1464 3294 1564 3349 clueret
1579 3295 1613 3360 os

411 3376 606 3431 Luterworrt.
639 3378 668 3429 A
684 3379 802 3445 pennen
819 3380 856 3447 of
866 3379 943 3433 three
962 3378 1057 3433 marks
1075 3380 1101 3431 is
1118 3378 1248 3433 reservet
1263 3384 1291 3432 te
1308 3378 1353 3433 the
1371 3378 1507 3447 Hospita!
1521 3378 1558 3446 os
1568 3376 1607 3430 St.

404 3459 483 3526 John
494 3464 527 3513 at
536 3460 745 3527 Lutterwor‘tlr]

436 3570 926 3655 uomiturus-Magister
941 3573 1069 3651 Simon,
1085 3573 1309 3657 cappellanus,
1325 3581 1534 3657 presentatus
1553 3591 1610 3654 per

348 3674 523 3738 dominum
541 3674 742 3739 Nicholaum
759 3675 802 3739 de
818 3676 958 3741 Verdun
974 3677 1016 3741 ad
1036 3678 1210 3742 ecclesiam
1230 3676 1274 3742 de
1291 3674 1508 3753 Luttrewrde,
1524 3674 1610 3739 sacta

348 3777 439 3860 prius
463 3776 678 3860 inquisitione
702 3800 761 3862 per
784 3779 834 3857 R.‚
850 3778 1038 3845 Officialem
1064 3780 1268 3858 Leircestrie,
1283 3790 1353 3857 etc,
1372 3779 1538 3843 admissus
1560 3786 1611 3842 est

348 3890 383 3945 et
406 3882 439 3944 in
462 3880 581 3946 eadem
603 3883 764 3946 canonice
785 3903 928 3966 persona
950 3884 1143 3963 institutus;
1166 3884 1265 3949 salvis
1286 3884 1401 3948 domui
1424 3882 1611 3965 Hospitalis

349 3984 465 4050 Sancti
495 3984 659 4066 Johannis
688 3982 732 4049 de
763 3987 974 4052 Luttrewrde
998 3988 1103 4052 tribus
1128 3990 1246 4052 marcis
1269 3989 1388 4052 annuis
1411 4008 1471 4071 per
1493 4005 1612 4050 manus

351 4108 491 4173 persone
511 4088 662 4171 ejusdem
683 4090 822 4155 ecclesie
842 4092 1073 4176 percipiendis
1093 4113 1178 4175 quas
1192 4091 1349 4157 dominus
1367 4091 1555 4175 Episcopus
1569 4089 1612 4154 de

334 4197 513 4257 'consensu
539 4194 676 4277 capituli
704 4195 754 4258 sui
782 4204 816 4259 et
845 4196 1019 4261 voluntate
1048 4195 1129 4261 dicti
1157 4196 1320 4273 Nicholai,
1347 4195 1479 4280 patroni
1510 4194 1613 4279 ipsius

348 4295 496 4375 ecclesie,
512 4297 621 4362 eidem
637 4296 752 4362 domui
769 4298 816 4362 sic
831 4298 1052 4365 confirmavit

348 4641 490 4711 [Willrizm
510 4640 544 4695 de
562 4640 693 4711 Neptone,
714 4642 792 4706 clerk,
802 4642 950 4710 presented
964 4644 997 4712 by
1016 4644 1166 4714 Margaret
1179 4643 1214 4698 de
1233 4642 1329 4711 Bury,
1344 4642 1370 4695 is
1388 4640 1535 4696 insutum
1550 4647 1578 4695 to
1594 4657 1613 4694 a

414 4724 945 4794 maternitatemmerererron.
978 4726 1152 4795 Ammge
1165 4724 1440 4789 wtetteeesmted
1453 4722 1615 4779 emeruit

416 4811 445 4860 ro
459 4804 585 4859 warum
596 4805 631 4859 ee
640 4805 830 4876 sumena]

438 4916 705 4981 Musssnsous
726 4930 846 4982 suess
871 4917 1101 4982 Meursrnru
1124 4914 1553 4983 Recursus-willelmus
1570 4914 1612 4979 de

351 5018 518 5104 Neptone,
533 5020 680 5099 clericus,
695 5031 906 5105 presentatus
927 5044 987 5107 per
1001 5023 1174 5089 dominam
1197 5023 1423 5107 Margaretam
1439 5020 1483 5085 de
1505 5020 1611 5103 Blaby
