3609 5642
356 539 421 604 162
701 535 836 608 Rotulz'
852 535 1029 632 Hugonis
1054 537 1099 609 de
1125 537 1257 610 Welles

351 685 737 692 ----—-—--—-.-——--
754 687 1028 694 ——.-.-—-.—-.
1047 690 1227 695 ——...--.—
1552 693 1598 698 -

352 773 565 851 Wudeforde,
588 773 675 838 facta
699 775 790 858 prius
814 775 1028 858 inquisitione
1054 798 1114 859 per
1138 777 1188 854 R,
1213 776 1496 841 Archidiaconum
1523 778 1606 840 Nor·

352 878 554 960 hamptonie,
585 899 643 960 per
672 898 783 960 quam,
813 890 884 956 etc,
914 879 957 942 ad
987 880 1129 944 eandem
1160 880 1327 944 admissus
1359 892 1419 957 est,
1449 892 1511 945 etc.
1562 883 1606 946 Et

352 982 548 1046 mandatum
565 992 615 1047 est
632 981 722 1046 dicto
740 982 988 1046 Archidiacono
1003 993 1048 1060 ut,
1063 993 1125 1048 etc.

350 1307 461 1375 [Philip
471 1307 505 1360 de
515 1307 615 1361 Sancto
624 1307 728 1366 David.
737 1307 906 1368 nddeacon,
912 1307 1061 1374 presented
1068 1308 1182 1376 byJohn
1191 1309 1380 1373 Marescallns,
1393 1312 1419 1362 is
1425 1310 1573 1363 instituted
1579 1315 1609 1364 to

415 1389 461 1441 the
471 1388 571 1441 church
586 1391 622 1457 os
630 1389 740 1443 Green's
752 1389 883 1458 Nerion]

438 1499 884 1583 NORTHONE.-Phiiippus
909 1499 951 1563 de
976 1499 1102 1564 Sancto
1131 1500 1252 1578 David,
1276 1502 1510 1580 subdiaconus,
1535 1523 1607 1585 pre-

350 1613 500 1679 sentatus
527 1624 585 1685 per
610 1603 799 1684 Johannem
828 1603 1061 1667 Marescallum
1090 1603 1133 1666 ad
1158 1605 1333 1668 ecclesiam
1357 1605 1400 1670 de
1431 1606 1609 1669 Northone

326 1697 327 1702 ¹
350 1727 425 1770 cum
452 1707 668 1790 pertinentiis,
694 1707 782 1770 facta
802 1709 893 1790 prius
920 1709 1135 1790 inquisitione
1162 1729 1221 1792 per
1246 1710 1295 1786 R,
1323 1709 1607 1773 Archidiaconum

351 1811 624 1894 Norbamptonie‚
645 1832 703 1894 per
725 1832 836 1894 quam,
855 1822 927 1889 etc,
946 1813 989 1875 ad
1012 1811 1154 1876 eandem
1179 1813 1343 1877 admissus
1374 1823 1434 1888 est,
1453 1823 1515 1876 etc.
1564 1813 1608 1876 Et

350 1914 545 1978 mandatum
561 1924 612 1978 est
627 1915 718 1979 dicto
736 1914 987 1979 Archidiacono
1002 1926 1048 1993 ut,
1064 1927 1124 1980 etc.

348 2225 456 2294 [Roger
464 2225 497 2279 de
509 2226 658 2289 Hochtone,
669 2226 837 2290 sub-deacon,
842 2227 993 2294 presented
1000 2228 1034 2296 dy
1047 2227 1173 2280 Wliiam
1181 2228 1216 2281 de
1226 2227 1377 2289 Hochtone,
1388 2229 1413 2280 is
1423 2229 1574 2281 instituted
1581 2233 1611 2280 to

411 2307 456 2360 tite
467 2307 568 2360 cnearcn
579 2308 615 2375 os
629 2307 716 2361 Great
725 2306 905 2375 Honghton]

436 2418 860 2500 nocemus-Rogems
876 2418 919 2482 de
941 2420 1130 2498 Hochtone,
1143 2421 1376 2498 subdiaconus,
1392 2430 1606 2504 presentatus

347 2542 405 2603 per
430 2522 635 2585 Willelmum
662 2521 704 2585 de
737 2521 927 2598 Hochtone,
953 2523 1102 2602 militem,
1129 2524 1172 2586 ad
1202 2524 1377 2588 ecclesiam
1408 2524 1451 2587 de
1484 2525 1607 2606 Majori

348 2625 537 2702 Hocktone,
563 2625 649 2690 facta
674 2627 764 2708 prius
794 2627 1009 2708 inquisitione
1039 2648 1098 2710 per
1123 2628 1171 2704 R,
1203 2628 1487 2692 Archidiaconum
1522 2629 1608 2691 Nor-

345 2730 548 2811 hamptonie,
579 2750 638 2812 per
666 2750 777 2812 quam,
807 2739 878 2806 ete,
908 2730 951 2793 ad
981 2730 1124 2794 eandem
1154 2732 1320 2796 admissus
1349 2743 1409 2808 est,
1442 2742 1496 2795 etc
1563 2733 1610 2796 Et

346 2832 541 2896 mandatum
558 2844 608 2897 est
624 2833 715 2896 dicto
732 2833 979 2898 Archidiacono
995 2845 1041 2912 ut,
1056 2845 1116 2898 etc.

344 3150 451 3216 [Relpte
474 3147 508 3200 de
526 3148 699 3210 Stnexstone,
723 3147 831 3209 deacon,
848 3147 998 3213 presented
1012 3147 1046 3214 by
1068 3147 1163 3215 Ralpi
1181 3147 1281 3208 Ridet,
1301 3149 1327 3200 is
1345 3149 1492 3201 instituted
1516 3153 1543 3201 to
1561 3149 1609 3201 tlte

407 3231 507 3285 chnrch
519 3233 555 3299 of
565 3231 699 3285 Strixton.

425 3340 866 3406 STRIXTONE.—Radulfus
888 3341 932 3404 de
956 3341 1175 3417 Stricxstone,
1198 3340 1367 3418 diaconus,
1390 3351 1604 3424 presentatus

344 3464 403 3527 per
431 3444 612 3508 Radulfum
642 3444 759 3522 Ridel’,
787 3446 937 3521 militem,
960 3444 1002 3508 ad
1032 3444 1206 3508 ecclesiam
1231 3444 1274 3508 de
1301 3444 1486 3521 Strixtone,
1513 3444 1604 3508 facta

343 3550 433 3631 prius
451 3548 666 3632 inquisitione
683 3569 741 3630 per
757 3549 806 3624 R,
824 3547 1106 3612 Archidiaconum
1124 3548 1401 3630 Norhamptonie,
1419 3569 1605 3632 perquam,

342 3663 412 3729 etc,
428 3652 470 3716 ad
494 3653 635 3716 eandem
659 3645 825 3716 admissus
848 3663 898 3716 est
921 3673 997 3714 cum
1021 3673 1121 3715 onere
1143 3661 1177 3714 et
1201 3672 1287 3734 pena
1309 3652 1517 3728 vicariorum,
1543 3662 1608 3716 etc

344 3755 390 3819 Et
420 3755 616 3818 mandatum
646 3765 698 3818 est
728 3755 818 3818 dicto
849 3754 1097 3818 Archidiacono
1128 3765 1174 3832 ut,
1202 3765 1264 3818 etc.
1312 3754 1406 3818 idem
1439 3754 1608 3818 Raduisus

343 3859 493 3922 inducias
510 3859 609 3923 habet
631 3880 735 3941 usque
755 3859 797 3922 ad
817 3858 951 3922 ordines
970 3858 1186 3922 celebrandos
1207 3859 1364 3940 proximo
1385 3869 1461 3941 post
1482 3858 1606 3922 festum

344 3963 457 4027 Sancti
474 3963 637 4044 Johannis
661 3964 812 4046 Baptiste
827 3983 917 4026 anno
938 3963 1151 4045 pontificatus
1174 3962 1302 4025 domini
1328 3963 1487 4044 Episcopi
1504 3963 1605 4045 xxiij,

343 4071 379 4124 ut
396 4072 475 4125 tunc
492 4063 602 4126 veniat
620 4064 651 4125 in
670 4063 888 4145 presbiterum
905 4062 1120 4125 ordinandus.

908 4251 1034 4264 —

343 4372 477 4442 [Thomas
493 4373 527 4425 de
538 4373 705 4433 [erestein.
721 4373 890 4438 sud-deacen,
907 4374 1056 4441 presented
1070 4373 1164 4442 hythe
1182 4374 1269 4427 Prior
1285 4373 1348 4427 and
1367 4372 1494 4426 Convent
1511 4376 1548 4443 os
1559 4375 1602 4428 St.

408 4455 561 4518 Andrew's,
575 4455 788 4523 Northampton.
801 4457 826 4508 is
837 4455 983 4508 instituted
987 4460 1015 4507 to
1025 4455 1071 4508 the
1081 4455 1182 4509 einrch
1193 4456 1229 4523 of
1243 4456 1387 4523 Quintanj

430 4565 854 4648 QUENTONE.—Thomas
865 4566 907 4630 de
919 4566 1123 4643 Leircestria,
1136 4567 1368 4643 subdiaconus,
1380 4566 1433 4629 cui
1443 4566 1604 4631 dominus

345 4672 532 4753 Episcopus
548 4669 722 4733 ecclesiam
738 4670 781 4734 de
798 4670 978 4754 Quentone
1000 4672 1089 4754 prius
1109 4671 1307 4734 auctoritate
1326 4670 1466 4735 Concilii
1486 4683 1605 4735 contu-

343 4775 434 4849 lerat,
450 4783 659 4856 presentatus
683 4793 741 4856 per
764 4775 910 4838 Priorem
933 4783 968 4837 et
990 4783 1192 4838 conventum
1216 4773 1332 4838 Sancti
1357 4772 1494 4836 Andree
1518 4773 1606 4836 Nor-

343 4877 545 4959 hamptonie,
562 4876 603 4939 ad
620 4877 793 4940 ecelesiam
811 4879 927 4959 ipsam,
943 4898 1018 4940 cum
1036 4879 1207 4959 negotium
1223 4889 1310 4940 esset
1328 4877 1360 4939 in
1376 4877 1548 4959 expedito,
1561 4877 1605 4941 ad

344 4981 485 5046 eandem
501 4981 666 5046 admissus
681 4991 731 5044 est
747 4993 781 5046 et
796 4981 829 5045 in
846 5003 886 5044 ea
901 4981 1060 5045 canonice
1078 5001 1218 5065 persona
1234 4981 1413 5045 institutus.
