3609 5642
329 542 350 611 8
674 541 809 616 Rotulz'
832 539 1010 636 Hugonz‘s
1035 539 1079 612 de
1115 539 1247 613 Welles

335 691 504 698 n————
532 694 586 699 --.
605 695 651 699 ..—
670 694 798 699 ..———.
813 693 970 698 -..-.-.--.
998 693 1072 698 ...--
1088 693 1305 698 ffl—

326 781 493 860 Priorisse,
509 783 551 846 ad
569 783 852 866 presentationem
869 780 1009 865 predicti
1027 781 1174 846 Simonis
1189 780 1233 844 ad
1248 781 1391 844 eandem
1407 780 1583 844 ecclesiam

325 883 482 949 idoneam
506 906 684 968 personam
708 885 902 949 admittatis.
949 885 1052 949 Teste
1069 885 1120 948 W.
1136 886 1179 949 de
1197 885 1349 968 Raleghe
1363 884 1454 968 apud
1471 884 1582 948 West-
1638 877 1646 880 ’

327 989 565 1053 monasterium
582 991 741 1054 vicesimo
760 989 815 1054 die
840 990 923 1053 Maii
946 1009 1036 1052 anno
1060 991 1153 1072 regni
1170 991 1275 1053 nostri
1298 999 1419 1071 quarto
1441 989 1581 1052 decimo.

326 1094 389 1156 Per
405 1114 480 1176 que,
492 1102 564 1168 etc,
576 1094 618 1157 ad
635 1094 777 1157 eandem
791 1092 957 1156 admissus
969 1102 1029 1169 est,
1041 1104 1101 1157 etc.
1142 1093 1188 1156 Et
1201 1093 1397 1156 mandatum
1410 1102 1461 1155 est
1472 1092 1581 1155 eidem

326 1197 575 1263 Archidiacono
592 1211 637 1276 ut,
653 1208 713 1262 etc.

324 1436 434 1506 [Simu
445 1437 479 1489 de
491 1436 618 1498 Sancton,
628 1435 796 1494 cadebam,
804 1451 841 1488 on
852 1435 897 1488 the
902 1436 1090 1501 presentatum
1101 1436 1137 1501 of
1143 1433 1277 1487 Ntclwlas
1286 1434 1320 1486 de
1336 1433 1463 1494 Verdone,
1470 1435 1495 1486 is
1505 1434 1583 1486 insti-

391 1519 469 1572 tuted
479 1524 506 1572 to
516 1519 563 1572 the
573 1517 674 1571 churclz
685 1517 722 1585 of
727 1516 896 1586 Famam]

305 1711 307 1715 ·
366 1689 368 1692 ·
414 1661 808 1728 FARNHAME.—Simon
839 1661 882 1726 de
910 1661 1068 1739 Sancton,
1097 1662 1332 1739 subdiaconus,
1369 1669 1581 1743 presentatus

324 1789 383 1852 per
399 1766 600 1831 Nicholaum
616 1765 660 1830 de
675 1765 833 1830 Verdone
849 1765 893 1828 ad
916 1766 1091 1829 ecclesiam
1106 1765 1150 1829 de
1174 1765 1372 1842 Farnhame,
1387 1764 1476 1829 facta
1491 1765 1582 1848 prius

324 1872 538 1954 inquisitione
554 1890 613 1952 per
634 1870 689 1946 M,
713 1869 997 1933 Archidiaconum
1023 1868 1374 1952 Bukinghamiensem,
1389 1889 1449 1951 per
1471 1888 1582 1950 quam,

322 1986 393 2051 etc,
409 1975 452 2039 ad
476 1973 617 2039 eandern
642 1973 808 2037 admissus
831 1983 891 2050 est,
913 1981 985 2050 etc,
1008 1983 1043 2036 et
1066 1971 1264 2037 mandatum
1279 1984 1331 2037 est
1354 1972 1446 2036 dicto
1463 1972 1581 2036 Archi-

324 2081 467 2144 diacono
483 2089 529 2157 ut,
545 2088 606 2142 etc.

322 2317 411 2387 [Abel.
424 2315 562 2384 chaplain,
575 2331 612 2367 on
624 2313 864 2381 theprcsentation
874 2314 912 2381 of
925 2311 1052 2380 Geoffrey
1061 2311 1163 2364 Britan
1179 2313 1204 2364 is
1220 2311 1365 2365 :astituat
1379 2317 1406 2364 to
1422 2310 1468 2363 tlte
1482 2309 1583 2364 church

388 2400 424 2468 os
438 2397 609 2464 Cholesbmy.
644 2394 1039 2463 Hezttosemepersonally.1

412 2530 915 2608 CHEREWOLDEBIR1.-Abcl,
944 2529 1147 2613 capellanus
1178 2539 1388 2615 presentatus
1419 2550 1479 2612 per
1502 2528 1582 2594 Gal·

323 2639 445 2703 sridum
479 2638 649 2700 Britonem
681 2636 724 2699 ad
754 2635 929 2699 ecclesiam
960 2635 1003 2699 de
1034 2634 1342 2711 Cherewoldebiria,
1373 2634 1462 2698 sacta
1491 2634 1582 2716 prius

324 2743 539 2825 inquisitione
555 2761 614 2824 per
631 2740 688 2816 M,
705 2740 990 2803 Archidiaconum
1009 2739 1380 2823 Buckinghamiensem,
1396 2757 1583 2822 perquam,

323 2857 395 2921 etc,
412 2845 454 2908 ad
471 2844 614 2907 eandem
638 2843 805 2906 admissus
820 2852 880 2920 est,
896 2855 930 2908 et
946 2845 978 2906 in
1003 2864 1043 2907 ea
1066 2844 1226 2906 canonice
1241 2861 1384 2924 persona
1401 2842 1582 2916 institutus,

323 2968 400 3012 curn
417 2969 518 3011 onere
542 2947 752 3010 ministrandi
776 2948 994 3030 personaliter
1011 2948 1044 3008 in
1066 2945 1194 3008 eadem.
1242 2945 1287 3008 Et
1311 2945 1507 3008 mandatum
1530 2953 1583 3007 est

323 3053 433 3116 eidem
451 3049 700 3114 Archidiacono
717 3059 762 3127 ut,
778 3060 839 3114 etc.

405 3285 442 3338 M.
460 3300 468 3336 ι
490 3285 510 3350 .]

390 3287 401 3354 [
472 3298 488 3352 3
618 3376 758 3441 Annus
782 3377 988 3442 Sacuunus
1011 3390 1059 3440 ar
1082 3377 1299 3442 V1castuus.

325 3561 462 3628 [Thomas
481 3561 515 3613 de
532 3560 624 3624 Bosco,
643 3558 813 3616 sub-deacon,
828 3558 1024 3627 presentedby
1040 3558 1141 3626 Ralffl,
1162 3557 1270 3627 Butop
1288 3561 1325 3628 of
1344 3558 1519 3621 Wnctester.
1538 3559 1584 3613 the

392 3643 493 3711 King³s
508 3641 675 3704 Chaucellor,
688 3640 721 3709 by
732 3655 829 3693 reason
846 3640 932 3710 osteis
948 3639 1059 3708 aotody
1074 3642 1110 3709 of
1121 3640 1167 3694 tlte
1184 3640 1256 3693 land
1266 3641 1327 3694 and
1339 3641 1405 3694 heir
1417 3643 1453 3710 os
1464 3641 1584 3694 Dunoan

389 3725 424 3782 de
434 3725 563 3788 Lasceles,
577 3725 602 3776 is
612 3722 759 3776 instituted
768 3729 796 3776 to
806 3739 858 3776 one
869 3722 985 3792 nudr'cty
994 3724 1030 3791 of
1041 3722 1087 3776 the
1097 3722 1198 3777 churclt
1208 3725 1244 3792 of
1254 3723 1411 3788 Burnham,
1423 3723 1484 3777 and
1496 3729 1525 3777 to
1540 3723 1586 3777 the

389 3807 469 3862 other
478 3805 594 3874 nudkty
604 3821 640 3859 on
651 3805 891 3873 tteprescntaton
902 3805 938 3873 of
943 3804 1036 3874 Hugh
1048 3805 1081 3858 de
1092 3804 1235 3875 Hodeng.]

414 3941 842 4008 BURNHAME.-Thomas
877 3941 921 4005 de
959 3942 1077 4019 Bosco,
1109 3941 1343 4019 subdiaconus,
1374 3951 1584 4025 presentatus

325 4069 384 4132 per
407 4045 630 4110 venerabilem
662 4045 807 4122 fratrem,
839 4044 1066 4127 Radulphum,
1093 4045 1336 4110 Cicestrensem
1369 4046 1584 4128 Episcopum,

325 4151 453 4214 dornini
486 4149 593 4232 Regio
624 4147 878 4226 Cancellarium,
908 4148 951 4211 ad
983 4169 1085 4212 unam
1125 4149 1341 4214 medietatem
1371 4151 1510 4214 ecclesie
1541 4150 1583 4213 de

327 4255 526 4328 Burnhame,
543 4252 671 4315 ratione
687 4252 838 4315 custodie
861 4262 947 4315 terre
962 4262 997 4315 et
1020 4252 1150 4315 heredis
1175 4253 1351 4317 Dunecani
1367 4253 1410 4317 de
1429 4253 1582 4317 lasceles

326 4361 359 4421 in
384 4376 484 4420 manu
512 4376 572 4418 sua
595 4356 781 4432 existentis,
804 4364 838 4418 et
861 4376 921 4437 per
954 4355 1135 4436 Hugonem
1159 4355 1202 4418 de
1237 4357 1386 4439 Hodeng
1409 4357 1452 4420 ad
1482 4356 1582 4421 aliam

328 4461 542 4526 medietatem
572 4460 711 4523 ecclesie
741 4459 784 4523 de
823 4458 1003 4535 Burnham,
1042 4459 1130 4523 sacta
1160 4461 1251 4543 prius
1281 4461 1498 4543 inquisitione
1527 4481 1584 4544 per

328 4566 528 4649 Magistrum
545 4564 752 4628 Willelmum
769 4562 811 4626 de
828 4564 1017 4640 Glovernia,
1042 4563 1217 4628 Decanum
1241 4563 1284 4628 de
1308 4565 1509 4642 Burnhame,
1525 4584 1585 4647 per

327 4689 427 4752 quarn
444 4669 558 4731 omnia
573 4677 651 4731 sunt
675 4667 882 4750 inexpedito,
906 4668 949 4731 ad
971 4667 1113 4731 eandem
1136 4669 1312 4732 ecclesiam
1336 4668 1502 4732 admissus
1524 4677 1584 4745 est,

327 4784 361 4837 et
384 4774 417 4836 in
440 4772 558 4836 eadem
583 4771 743 4835 canonice
768 4792 912 4855 persona
938 4772 1118 4836 institutus.
1165 4772 1211 4836 Et
1234 4773 1431 4836 mandatum
1454 4782 1506 4836 est
1529 4772 1584 4850 M,

329 4876 577 4941 Archidiacono
602 4874 911 4959 Bukinghamiensi,
933 4885 970 4939 ut
993 4875 1120 4939 dictum
1149 4875 1316 4939 Thomam
1343 4877 1387 4940 de
1411 4875 1527 4951 Bosco,
1550 4875 1584 4940 in

328 4981 417 5046 dicte
432 4979 572 5044 ecclesie
589 4977 633 5043 de
650 4978 841 5044 Burneham
857 4980 1104 5064 possessionem
1121 4977 1234 5044 induci
1249 4977 1357 5044 saciat
